1920 2893
923 127 981 167 30

290 294 433 325 versus
468 281 531 324 sic
557 280 737 337 legitur,
766 294 908 336 neque
944 260 1194 323 mummius
1225 278 1391 336 aliquid
1419 283 1593 324 mutan-

291 384 396 426 dum
425 398 518 428 esse
542 384 723 427 censuit.
785 383 869 425 Vel
904 383 966 426 sic
994 387 1141 427 tamen
1172 383 1221 425 in
1252 382 1411 426 mendo
1436 382 1592 426 cubare

289 485 436 529 locum
466 458 620 542 cpinor
647 489 690 527 et
718 483 910 540 particip.
942 484 1114 537 φεύγων
1145 484 1348 528 vitiosum
1371 499 1462 528 esse
1488 498 1592 527 con-

291 587 436 629 tendo.
497 586 613 627 Puto
655 587 800 626 autem
847 599 925 640 pro
961 598 1097 640 praes.
1134 585 1328 641 particip.
1345 617 1360 637 ,
1389 600 1476 628 aor.
1506 599 1589 628 sec.

291 686 463 740 φυγὼν
503 699 595 729 esse
626 685 935 741 reponendum.
973 686 1080 729 Non
1108 685 1225 729 enim
1250 686 1594 741 Clytaemnestra

290 785 343 829 de
381 787 530 828 recenti
566 787 732 830 Orestis
755 785 871 841 fuya
910 786 1127 842 loquitur,
1169 786 1291 842 quasi
1331 801 1430 830 eum
1469 786 1592 828 etiam

288 889 376 927 tum
412 886 645 941 fugientem
692 885 978 942 conspiceret,
1023 886 1141 941 quod
1182 886 1377 942 particip.
1421 884 1591 939 φεύγων

290 987 469 1029 omnino
497 987 829 1042 significarem,
858 986 934 1029 sed
963 986 1102 1029 dicere
1122 987 1238 1037 vult,
1262 988 1468 1036 Oresten,
1488 984 1595 1028 olim

289 1086 391 1143 fuga
418 1086 567 1143 capta,
599 1087 745 1130 abiisse
775 1102 917 1144 neque
943 1088 1125 1145 amplius
1156 1088 1204 1130 in
1233 1091 1468 1143 conspectu
1487 1100 1591 1131 esse.

293 1189 462 1239 Φεύγων
497 1187 663 1242 οἴχεται
698 1189 932 1244 significat:
973 1189 1071 1230 dum
1103 1190 1252 1243 suffit,
1285 1189 1417 1239 abeat5
1445 1188 1592 1241 φυγῶν

289 1287 455 1342 οἴχεται
508 1304 609 1334 vero
659 1289 823 1334 indicat
872 1291 1079 1341 Oresten,
1122 1288 1243 1344 captd
1277 1288 1417 1344 fumi,
1459 1287 1593 1330 abesse

288 1387 522 1450 salvumque
568 1394 757 1443 evasisse,
804 1407 937 1449 quum
979 1393 1026 1434 in
1068 1392 1149 1435 hac
1186 1391 1407 1435 locutione
1446 1391 1493 1434 τὸ
1536 1390 1593 1434 οἵ·

288 1495 440 1547 χεσθαι
476 1494 672 1551 inprimis
709 1498 939 1549 urgeatur,
980 1495 1027 1536 in
1056 1494 1133 1537 illa
1167 1498 1317 1537 contra
1348 1494 1395 1537 τὸ
1437 1497 1593 1549 moyen

289 1594 476 1637 maxime
526 1595 575 1636 in
621 1608 797 1637 censum
849 1594 1008 1637 veniat.
1097 1595 1301 1637 Ceterum
1350 1609 1374 1637 e
1422 1608 1592 1650 praece-

290 1693 490 1736 dentibus
526 1696 645 1749 patet
677 1691 747 1735 hic
784 1693 962 1735 omnino
994 1693 1188 1749 particip.
1230 1693 1377 1747 φυγὼν
1407 1693 1593 1748 requiri,

290 1809 424 1849 quum
463 1809 501 1835 v.
540 1795 625 1835 111
662 1808 750 1848 seq.
826 1794 1213 1849 Clytaemnestram
1251 1793 1429 1836 inducat
1464 1796 1593 1849 poeta

287 1894 443 1937 haecce
473 1894 712 1937 dicentem:

454 2013 473 2055 ὅ
504 2013 539 2056 δ’
570 2012 830 2065 ἐξαλύξας
861 2013 1026 2067 οἴχεται
1059 2012 1202 2068 νέβρου
1234 2013 1373 2064 δίκην,

454 2114 524 2156 καὶ
556 2117 698 2156 ταῦτα
729 2114 891 2167 κούφως
923 2114 969 2156 ἐκ
998 2113 1134 2166 μέσων
1165 2113 1436 2168 ἀρκυστάτων

452 2214 644 2267 ὤρουσεν,
677 2230 716 2257 κ.
750 2230 791 2256 τ.
826 2215 859 2257 ἒ.

349 2344 472 2386 Infra
500 2359 539 2385 v.
573 2344 661 2385 122
689 2342 840 2386 eadem
868 2342 1012 2385 Choro
1041 2343 1240 2386 nuntiat:

421 2463 567 2512 Φονεὺς
600 2463 636 2506 δ’
667 2462 868 2516 Ὀρέστης
898 2463 1024 2512 τῆσδε
1055 2463 1208 2517 μητρὸς
1241 2462 1469 2517 οἴχεται.

289 2596 359 2639 Ex
379 2595 535 2651 quibus
554 2595 697 2652 palam
714 2595 765 2638 fit
792 2598 864 2638 τοῦ
892 2594 1081 2648 οἴχεσθαι
1106 2595 1333 2652 praecipue
1356 2595 1596 2640 habendam
