1920 2893
895 87 946 127 15

211 229 215 231 *
272 237 390 296 tegra
438 232 592 282 horum
635 243 878 295 temporum
924 239 1061 281 forma
1110 244 1220 282 esset
1262 239 1563 294 FeFe'pzqcract,

270 340 568 393 εῬεΡέρχαιτ-ο,
607 337 986 392 ἆποΡεΡεργμένη.
1058 339 1433 382 Quemadmodum
1483 340 1564 396 igi-

268 446 341 486 tur
379 444 496 485 recte
540 439 740 484 scribitur
764 439 958 494 Γέρχαιτο
989 445 1033 485 et
1066 439 1301 495 ἕΓέρχικτ-ο,
1332 440 1394 484 sic
1432 440 1561 484 etiam

265 545 306 585 h.
342 543 488 599 hymn.
527 557 566 584 v.
605 543 663 584 86
697 546 740 585 et
775 542 828 584 Il.
858 544 925 585 12.
955 544 1044 584 464
1070 542 1239 586 Fe‘c‘ro
1275 543 1342 585 vel
1372 541 1557 585 §Fessa

264 644 374 687 bene
406 658 499 687 sese
529 643 702 687 habent.

319 745 373 786 V.
412 746 498 786 170
541 743 691 787 eadem
731 743 943 786 medicina
987 743 1225 794 sanandus,
1271 749 1373 798 qua‘
1391 759 1430 786 v.
1470 745 1554 794 85,

259 848 470 900 expuncta
503 844 713 901 particula
743 843 815 895 τὲ,
856 859 966 900 quae
998 843 1110 887 male
1139 844 1224 886 huc
1255 842 1408 900 pedem
1436 843 1554 886 intu-
1583 882 1586 884 ,

258 943 311 986 lit
356 948 528 1000 propter
567 944 810 999 neglectum
853 943 1067 999 digamma
1109 957 1198 986 voc.
1240 942 1351 997 ἴφια.
1427 941 1552 985 Idem

255 1042 368 1085 valet
406 1042 458 1085 de
490 1058 527 1085 v.
562 1046 672 1094 233,
716 1057 843 1098 quem
875 1043 1035 1098 optime
1063 1043 1254 1085 restituit
1283 1056 1545 1084 annuamus.

312 1143 366 1183 V.
399 1144 484 1184 257
526 1142 642 1184 facili
671 1142 846 1198 negotio
877 1142 1031 1197 corrigi
1061 1145 1221 1198 potest,
1252 1142 1289 1184 si
1316 1156 1411 1198 pro:
1443 1136 1545 1191 ἐπὴν

251 1243 298 1291 δὴ
340 1247 493 1295 πρῶτον
538 1243 603 1296 ἴδῃ
640 1243 777 1298 legas:
822 1243 921 1290 ἐπὴν
956 1242 1003 1290 δὴ
1037 1242 1179 1295 πρῶτοι
1217 1242 1330 1296 Γίδῃ.
1392 1243 1458 1285 Cf.
1483 1243 1545 1285 11.

254 1344 321 1385 16.
351 1345 452 1386 427.
511 1344 680 1387 Similes
708 1343 946 1387 locutiones
969 1343 1127 1400 passim
1153 1348 1402 1395 occurrunt,
1425 1358 1462 1386 v.
1483 1358 1543 1387 c.:

249 1442 304 1484 Il.
339 1444 374 1484 1.
410 1444 437 1485 6
448 1460 461 1495 ,-
493 1444 533 1485 6.
566 1444 653 1485 489
664 1460 676 1495 3
711 1444 778 1485 12.
813 1444 914 1485 420.
987 1442 1153 1486 Eodem
1181 1443 1311 1486 modo
1339 1443 1543 1487 rescribas

249 1543 394 1599 hymn.
414 1544 461 1585 in
480 1544 623 1600 Apoll.
648 1546 724 1585 71:
745 1545 827 1596 μή,
851 1542 1004 1586 ὁπόταν
1024 1544 1081 1585 ταὶ
1102 1546 1243 1596 πρῶτοι
1265 1543 1366 1596 Γίδῃ
1392 1559 1432 1586 κ.
1447 1559 1488 1586 τ.
1507 1544 1540 1584 ἑ.

302 1646 355 1684 V.
400 1646 484 1684 164
523 1645 605 1698 leg.
641 1644 802 1695 πόρπας
835 1660 882 1685 τε
917 1632 1149 1694 wama-ft&
1182 1644 1445 1690 Γέλικαις.
1485 1644 1539 1685 cf.

242 1758 279 1784 v.
312 1744 382 1784 87.

304 1842 357 1884 V.
405 1844 490 1885 179
526 1842 701 1886 verbum
742 1841 990 1894 ἰνδάλλομαι
1036 1856 1134 1885 cum
1172 1841 1429 1898 digammate
1474 1847 1539 1887 est

240 1942 510 1985 scribendum
524 1975 537 1993 ,
591 1943 748 1998 quippe
813 1943 1047 1985 arctissime
1111 1945 1390 1987 coniunctum
1440 1959 1538 1988 cum

236 2042 364 2085 verbo
416 2042 544 2085 Fofaae
584 2042 651 2084 vel
693 2042 837 2096 potius
878 2043 990 2084 Fraa
1032 2042 1268 2098 eodemque
1311 2045 1432 2088 fonte
1463 2047 1535 2088 de-

233 2144 430 2186 rivatum.
498 2145 593 2185 Nec
633 2143 747 2184 ullus
795 2143 841 2184 in
887 2142 1045 2190 Iliade„
1066 2144 1134 2186 vel
1180 2144 1372 2200 Odyssea
1415 2146 1535 2188 loeus

234 2249 469 2300 repugnat,
486 2213 642 2286 eontra
669 2244 795 2286 multi
822 2243 906 2285 loci
935 2243 981 2285 τὸ
999 2244 1042 2284 F
1063 2243 1315 2298 efflagitant,
1338 2250 1389 2288 ut
1412 2260 1532 2301 prae-

233 2345 386 2388 cedens
428 2345 592 2401 syllaba
628 2343 841 2400 positione
878 2343 953 2386 fiat
993 2344 1133 2399 longa.
1198 2344 1327 2387 Vidd.
1364 2346 1418 2388 Il.
1457 2348 1527 2389 23.

229 2448 344 2498 460,-
383 2446 464 2488 Od.
504 2449 544 2488 3.
584 2446 703 2498 2463
734 2446 801 2487 19.
822 2446 932 2517 224.
1002 2445 1165 2489 Nostro
1207 2446 1302 2489 loco
1332 2451 1530 2502 paratum

228 2545 463 2587 remedium
498 2545 729 2587 adhibuere
764 2545 1027 2600 grammatici
1060 2546 1080 2586 ε’
1090 2546 1187 2596 γὼν
1226 2561 1303 2602 pro
1342 2548 1422 2598 ἐγὼ
1460 2563 1526 2591 re-
