1920 2893
978 104 1035 144 33

344 270 488 300 Aescu.
533 258 659 299 Eum.
706 258 805 298 754.
845 281 907 288 ——-
949 255 1021 297 Sic
1066 255 1240 298 demum
1281 269 1512 297 sovnocuzs
1553 254 1637 296 dici

342 363 484 415 potest
515 357 755 413 scripsisse,
793 356 910 413 quod
943 369 1089 400 revera
1117 351 1281 407 voluit,
1318 333 1547 397 nimiruni:

478 458 516 501 εἴ
543 473 611 509 μοι
643 458 777 508 ξυνείη
809 457 1067 512 τρέφοντι

478 562 602 610 μοῖραι
632 556 710 600 τὰν
743 557 940 601 εὔσεπτον
972 556 1325 609 ἁγνειόιν”λόγων.
1359 573 1398 599 κ.
1422 573 1462 598 τ.
1487 556 1518 597 ἑ.

395 657 559 701 Eadem
600 658 825 701 verborum
870 655 1009 712 φέρειν
1051 660 1095 699 et
1138 654 1303 710 τρέφειν
1349 653 1630 697 commutatio

334 758 439 800 olim
473 759 694 800 obtinebat
726 757 840 812 apud
877 770 1057 798 xenon.
1098 755 1225 811 Ages.
1263 756 1302 795 1.
1340 756 1416 804 20,
1446 754 1522 796 ubi
1552 768 1630 809 pro

333 856 579 911 στράτευμα
601 857 739 912 φέρειν
754 891 765 906 ,
794 857 976 901 correxit
995 872 1083 910 στρ.
1106 855 1314 909 τρέφειν
1342 855 1407 897 vir
1436 855 1630 898 doctissi-

329 972 426 999 mus
462 972 547 1001 vu
578 973 687 1000 GENT
723 961 775 1014 ¹).

390 1057 585 1099 Similem
614 1072 799 1100 errorem
836 1057 944 1098 mihi
975 1056 1302 1112 deprehendisse
1333 1055 1479 1096 videor
1511 1055 1624 1109 apud

325 1172 462 1201 Alusw.
506 1159 626 1201 Nub.
679 1160 762 1208 14,
813 1157 888 1205 ubi
934 1157 1100 1213 prozp'ci
1144 1157 1185 1199 δὲ
1227 1156 1356 1208 κόμην
1396 1155 1503 1209 ἔχων
1543 1157 1626 1211 leg.

325 1273 418 1302 esse
455 1259 672 1315 suspicor:
704 1259 722 1300 ὃ
764 1258 805 1301 δὲ
844 1258 972 1311 κόμην
1011 1258 1208 1312 τρέφων
1241 1262 1295 1314 2).
1375 1259 1480 1300 Non
1511 1258 1628 1300 enim

326 1357 442 1414 quod
484 1372 652 1401 comam
698 1359 880 1409 haberet,
914 1358 1177 1415 Strepsiades
1224 1358 1362 1401 filium
1404 1373 1531 1400 suum
1562 1372 1628 1401 re-

322 1457 604 1513 prehensione
637 1458 815 1513 dignum
848 1458 1073 1509 censebat,
1110 1458 1185 1501 sed
1216 1459 1403 1501 nimium
1434 1458 1525 1500 eius
1555 1473 1624 1501 ca-

320 1556 446 1610 pillos
490 1556 624 1596 alendi
667 1560 710 1598 et
754 1557 932 1596 comendi
968 1557 1160 1598 studium
1195 1571 1320 1611 aegre
1357 1558 1520 1600 ferebat
1532 1574 1545 1609 5
1574 1558 1620 1598 in

321 1655 474 1710 quibus
500 1655 665 1709 τρέφειν
695 1656 886 1699 solemne
912 1659 976 1698 est
1001 1657 1189 1699 verbum.
1220 1683 1281 1689 -—
1306 1627 1360 1698 111
1380 1660 1508 1713 Vesp.
1531 1660 1619 1700 473

317 1771 433 1812 seqq.
459 1756 625 1800 Chorus
655 1756 702 1798 in
721 1755 1054 1811 Bdelycleonem
1082 1757 1299 1801 invehitur
1318 1758 1434 1801 hisce
1453 1758 1613 1801 verbis:

674 1853 732 1897 σοὶ
766 1854 940 1907 λόγους,
971 1852 999 1898 ὦ
1031 1856 1262 1910 μισόδημε,

665 1954 734 1996 καὶ
767 1955 999 2008 μοναρχίας
1032 1956 1210 2010 ἐρασταὶ,

429 2055 498 2096 καὶ
533 2054 897 2109 ξυνὼν-Βρασίδᾳ,
931 2055 1001 2097 καὶ
1033 2058 1162 2109 φορῶν
1197 2055 1413 2109 κράσπεδα

425 2155 706 2207 στεμμάτων,
741 2157 815 2206 τήν
848 2157 880 2198 θ’
913 2157 1065 2206 ὑπήνην
1099 2155 1264 2210 ἄκουρον
1299 2159 1516 2213 τρέφων;

345 2329 371 2374 ¹)
396 2330 476 2364 vid.
501 2330 570 2363 eius
591 2328 750 2364 Observv.
775 2332 808 2362 et
827 2327 987 2363 Conieett.
1013 2329 1047 2361 in
1064 2328 1216 2362 nonnull.
1240 2327 1356 2363 Graec.
1376 2329 1498 2373 scriptt.
1526 2331 1614 2366 locos

298 2393 334 2425 in
358 2392 500 2425 Miscell.
523 2391 647 2424 Philol.
674 2396 706 2423 et
729 2391 873 2432 Paedag.
899 2390 1035 2424 Observ.
1060 2391 1124 2424 VI.

343 2450 369 2493 ²)
392 2451 472 2484 Uno
495 2451 596 2483 verbo
619 2451 753 2483 dicitur:
781 2452 906 2489 κομᾶν;
930 2451 1036 2493 quod,
1056 2450 1136 2492 quia
1159 2450 1260 2491 longa
1278 2460 1372 2483 coma
1391 2453 1560 2494 superbiae
1581 2460 1614 2487 et

296 2512 523 2546 ostentationis
558 2512 717 2544 indicium
749 2512 864 2544 haberi
898 2512 1042 2550 solebat,
1078 2512 1177 2543 etiam
1208 2511 1307 2543 habet
1336 2513 1611 2553 significationem

295 2571 509 2617 superbiendi,
534 2581 662 2614 magynos
685 2571 818 2614 spiritus
835 2570 973 2614 yerendi.
998 2572 1061 2604 vid.
1080 2571 1183 2603 Arist.
1205 2571 1266 2615 Eq.
1282 2574 1364 2611 580;
1389 2574 1492 2616 Vesp.
1510 2577 1607 2608 1317.

1369 2652 1395 2690 3
