1920 2893
928 126 984 165 38

304 289 396 316 cro
409 273 711 326 χάσματος
726 293 738 328 ;
780 281 909 332 atque
949 277 1011 320 ita
1059 276 1293 332 scripturae
1336 275 1521 318 mutatio
1558 275 1609 318 fit

301 375 535 431 perexigua
564 377 860 432 correctioque
888 377 1162 432 probabilior.
1223 377 1342 418 Nam
1372 375 1489 418 haud
1514 389 1611 418 sum

301 475 477 530 ignarus
526 476 574 518 in
615 477 761 519 critice
806 477 1041 520 exercenda
1087 491 1180 521 rem
1215 475 1611 534 palaeographicam

302 576 478 617 maximi
524 590 616 619 esse
663 578 875 619 momenti
911 578 966 619 ad
1001 577 1317 620 confirmandas
1354 582 1398 621 et
1426 577 1611 633 proban-

305 675 399 727 das,
432 692 543 731 quae
584 678 632 720 in
669 679 871 734 antiquos
903 680 1129 735 scriptores
1159 684 1481 734 proponuntur,
1509 694 1612 724 con-

304 776 501 820 iecturas.

672 1097 780 1138 Eun.
812 1097 978 1140 Phoen.
1013 1098 1100 1139 208
1132 1111 1248 1152 seqq.

617 1235 758 1278 Ἰόνιον
791 1235 905 1277 κοντοὶ
940 1235 1084 1277 πόντον
1121 1235 1218 1277 ἐλά-

620 1353 676 1390 τοι
707 1337 935 1378 πλεύσασα
967 1336 1206 1389 περιρρύτων

620 1436 718 1489 ὑπὲρ
751 1436 1018 1489 ἀκαρπίστων
1050 1436 1194 1478 πεδίων

625 1537 824 1585 Σικελίας
861 1536 1046 1591 Ζεφύρου
1080 1541 1225 1584 πνοαῖς

628 1638 975 1685 ἱππεύσαντος
1016 1638 1055 1680 ἕν
1090 1638 1238 1691 οὐρανῷ

687 1736 914 1779 κάλλιστον
947 1735 1184 1789 κελάδημα.

366 1882 423 1923 In
454 1881 550 1923 loco
583 1877 933 1934 impeditissimo,
965 1877 1174 1933 quidquid
1195 1862 1530 1933 excogitaverint
1547 1880 1614 1921 in-,

310 1984 542 2036 terpretes,
574 1978 688 2022 verb.
719 1979 925 2021 ἱππεῦσαι
958 1977 1065 2019 mihi
1095 1983 1345 2034 corruptum
1368 1978 1538 2022 videtur
1561 1982 1613 2035 ¹).

312 2077 455 2125 Locus
489 2080 756 2123 Horatianus
782 2078 856 2121 lib.
890 2079 972 2120 IV.
1002 2092 1131 2120 carm.
1162 2081 1204 2120 4.
1231 2080 1314 2120 44:
1348 2080 1447 2123 uvel
1472 2080 1615 2122 Eurus

315 2201 340 2224 n
353 2198 430 2240 per
450 2183 615 2226 Siculas
646 2183 840 2238 equitavit
867 2181 1005 2224 undas
1016 2181 1060 2232 ,³³
1093 2181 1167 2236 qui
1189 2181 1243 2223 ab
1268 2181 1466 2224 omnibus
1494 2181 1615 2224 editt.

315 2285 544 2339 diligenter
575 2284 632 2326 ad
662 2287 806 2339 partes
845 2283 988 2325 vocari
1017 2283 1152 2334 solet,
1183 2297 1443 2339 quamquam
1473 2283 1616 2339 primo

317 2384 474 2427 obtutu
512 2383 566 2426 ad
595 2383 820 2438 Euripidei
861 2399 1003 2427 versus
1043 2384 1284 2441 exemplum
1324 2385 1462 2428 factus
1504 2384 1619 2427 vide-

358 2603 383 2646 ι)
409 2604 459 2638 Cf.
485 2604 634 2646 inprimis
658 2613 834 2636 vncxnn.
860 2604 912 2637 nd.
937 2603 971 2636 h.
996 2604 1019 2635 l.
