1920 2893
934 158 986 199 17

377 310 435 353 In
463 324 502 354 v.
527 311 617 353 262
635 310 742 354 latet
761 309 928 355 vitium.
990 311 1140 354 Quum
1163 281 1279 354 enim
1304 314 1472 355 constat
1493 310 1606 354 verb.

315 411 532 465 ἒρρῶομαιι,
567 426 676 467 quae
705 416 772 455 est
797 413 938 455 forma
967 412 1217 468 productior
1247 411 1364 454 verbi
1390 410 1482 464 ἔρρω
1496 442 1508 459 ,
1542 411 1605 451 di-

312 525 482 566 gamma
510 511 593 554 sibi
619 512 854 568 praefixum
880 511 1081 556 habuisse
1107 515 1169 568 ¹),
1198 525 1365 562 versus,
1395 510 1462 553 uti
1490 523 1607 552 nunc

311 609 491 664 legitur,
520 610 574 654 ab
591 611 741 667 hymni
758 614 886 668 poeta
903 611 1114 667 proficisci
1130 625 1220 654 non
1247 612 1402 667 potuit.
1464 611 1609 653 Locus·

309 715 457 754 noster
488 727 687 767 magnam
717 680 1044 754 similitudinem
1073 725 1175 766 prae
1207 726 1254 754 se
1281 711 1367 753 fert
1395 725 1493 753 cum
1521 710 1605 752 ini-

308 810 371 853 tio
408 812 568 866 Theog.
607 827 797 863 mismm,
836 812 912 855 ubi
946 812 1096 855 eadem
1127 812 1217 854 fere
1250 811 1303 854 de
1333 811 1473 852 Musis
1505 824 1603 852 nar-

306 914 476 962 rantur,
513 926 622 967 quae
656 910 726 954 hic
761 912 814 954 de
845 912 1059 968 Nymphis
1091 910 1225 954 tradit
1256 911 1407 968 hymni
1437 916 1599 953 auctor.

304 1009 453 1053 Eiecto
497 1015 639 1054 autem
682 1012 728 1055 τέ
744 1045 756 1060 ,
799 1027 905 1056 vers.
944 1026 1060 1055 vocc.
1094 1012 1211 1054 haud
1247 1012 1335 1055 scio
1369 1027 1424 1055 an
1458 1017 1596 1055 trans-

301 1111 501 1166 ponenda
538 1113 625 1155 sint
663 1114 709 1154 in
744 1114 860 1155 hunc
893 1112 1090 1154 modum:

409 1212 479 1254 καὶ
510 1212 637 1254 καλὸν
671 1213 790 1264 χορὸν
825 1210 1043 1258 ἀθανάτοις
1077 1211 1191 1262 μέτα
1225 1210 1503 1265 Γερρώσαιντο.

299 1310 353 1351 ΙΙ.
396 1311 465 1352 15.
503 1312 588 1352 144
619 1325 812 1366 praepos.
855 1310 969 1362 μετὰ
1012 1310 1163 1353 eodem
1195 1311 1324 1373 modo
1368 1312 1484 1354 casui
1519 1327 1596 1354 suo

299 1411 591 1466 postponitur:

390 1510 508 1565 Frplv
537 1513 585 1559 θ’,
621 1510 693 1561 ἥτε
726 1512 846 1574 θεοῖο-ι
876 1512 970 1563 μέτ’
1001 1511 1188 1563 ἄγγελος
1221 1511 1498 1555 ἀθανάτοισιν.

351 1613 496 1655 Pauca
541 1615 671 1655 etiam
711 1613 889 1672 dicenda
934 1618 1036 1655 sunt
1079 1614 1131 1655 de
1170 1628 1208 1655 v.
1254 1615 1352 1655 140.
1415 1613 1486 1655 Ibi
1519 1627 1590 1656 oc-

294 1714 427 1755 currit
458 1727 548 1755 voc.
580 1711 699 1764 ἅλις,
731 1714 846 1767 quod
880 1714 1040 1767 ubique
1069 1714 1114 1754 in
1142 1713 1280 1755 Iliade
1306 1719 1349 1755 et
1375 1713 1567 1768 Odyssea
1576 1745 1602 1764 ‚,

292 1814 423 1856 etiam
467 1815 514 1856 in
551 1815 721 1871 hymnis
761 1814 1098 1869 antiquioribus,
1138 1813 1352 1868 digamma
1383 1813 1587 1857 admittit.

288 1915 345 1956 In
375 1915 514 1957 Iliade
539 1919 625 1958 tres
656 1920 826 1957 tantum
854 1915 937 1956 loci
964 1918 1156 1964 exstant,
1192 1914 1262 1969 (Il.
1294 1916 1361 1955 17.
1392 1917 1470 1966 543
1503 1917 1584 1966 21,

288 2017 375 2058 236
418 1985 461 2058 et
502 2018 604 2071 344)
650 2016 724 2069 qui
766 2015 866 2056 huic
908 2015 1077 2056 litterae
1116 2014 1329 2056 adversari
1366 2016 1566 2058 videntur
1570 2034 1584 2068 ‚-

285 2116 361 2158 sed
401 2121 639 2159 ceterorum
677 2116 872 2157 locorum
908 2115 1121 2170 digamma
1149 2116 1367 2157 tuentium
1398 2114 1583 2157 'auctori-

282 2220 418 2260 tatem
444 2231 534 2259 non
560 2220 739 2272 possunt
769 2215 1037 2258 labefactare.
1099 2216 1205 2257 Loci
1235 2230 1286 2258 ex
1315 2216 1368 2256 11.
1395 2218 1466 2268 21.
1495 2217 1578 2259 levi

282 2331 396 2360 vocc.
428 2315 760 2373 transpositione
797 2319 1023 2366 curantur,
1053 2314 1089 2357 si
1120 2315 1235 2370 legas
1268 2330 1444 2372 nempe:
1478 2327 1581 2360 πολ-

279 2417 399 2464 λούς,
433 2415 474 2458 οἵ
496 2418 546 2469 ῥα
574 2417 671 2457 κατ’
703 2415 827 2456 αὐτὸν
859 2414 984 2456 ἕσαν
1012 2413 1203 2463 mm,
1227 2432 1265 2458 κ.
1288 2432 1328 2458 τ.
1351 2417 1410 2467 ἓ.,
1445 2422 1488 2459 et
1520 2418 1582 2459 al-

315 2627 341 2673 1)
364 2629 427 2664 cff.
460 2637 655 2669 DAwasms,
685 2629 744 2668 lib,
775 2629 799 2662 1.
825 2640 856 2672 p.
886 2633 948 2662 142
969 2639 1035 2673 seq.
1061 2634 1145 2663 etv.
1170 2639 1279 2670 cnm,
1302 2631 1360 2664 lib.
1384 2631 1409 2664 l.
1432 2642 1464 2673 p.
1491 2635 1544 2663 54.

1347 2709 1374 2748 2
