1920 2893
903 149 959 191 25

285 304 331 348 τὸ
365 304 585 358 ὀξυπευκὲς
617 303 737 358 ξίφος
767 303 901 350 Δίκας
929 301 1041 355 ἄγχι
1073 302 1311 354 πλευμόνων
1339 305 1440 359 οὐτᾷ
1471 305 1582 348 διαν·

281 403 407 449 ταΙαν
452 402 672 460 (πληγήν).
746 402 948 459 Suspicor
992 407 1138 448 autem
1175 404 1402 461 praeposit.
1447 405 1581 449 abun-

284 505 460 548 dantem
490 508 629 546 ortam
665 485 756 547 esse
787 517 811 547 e
839 503 1050 547 similibus
1078 503 1259 556 litteris,
1289 517 1399 560 quae
1424 518 1463 547 v.
1496 505 1584 548 640

282 611 326 648 et
380 606 578 661 sequenti
628 609 911 648 concurrunt:
955 609 1579 653 ΛΙΔΙΚΛΣ--ΔΙΑΙΔῙΚΑΣ,

282 703 447 750 duabus
483 708 638 750 litteris
676 707 889 762 prioribus
935 711 1003 748 ter
1038 706 1219 760 seriptis.
1281 708 1380 748 Quo
1413 707 1582 762 posito,

281 821 426 850 versus
477 807 810 862 antistrophieus
857 806 1036 850 laborat.
1120 807 1158 847 E
1214 807 1423 861 scriptura
1474 806 1581 849 Cod.

282 906 441 950 Medio.
469 921 546 962 pro
576 906 688 962 vulg.
715 906 920 971 δώμασιν,
944 907 1073 950 lectio
1100 906 1271 958 δόμοις
1304 908 1395 950 erui
1419 911 1582 963 potest,

280 1021 365 1062 qua
405 1010 576 1063 recepta
618 1021 656 1049 v.
700 1008 786 1049 649
826 1007 1041 1063 strophico
1080 1006 1323 1063 respondet.
1384 1006 1580 1058 Deinde,

282 1121 392 1162 quae
420 1121 471 1149 ex
501 1107 675 1162 ingenio
709 1106 875 1148 addidit
912 1119 1026 1148 voce.
1059 1107 1105 1147 ἐκ
1139 1106 1173 1148 δ’
1206 1120 1479 1159 annuimus,
1508 1121 1582 1156 co-

280 1209 384 1251 dicis
432 1208 678 1250 auctoritati
711 1223 801 1250 non
838 1208 940 1250 satis
976 1207 1058 1249 niti
1094 1207 1305 1250 videntur.
1367 1210 1452 1251 Pro
1480 1209 1579 1251 τίνει

279 1308 361 1364 leg.
394 1307 576 1350 eoniioio
608 1305 779 1357 τίνον,
810 1311 860 1349 ut
889 1307 968 1349 sit:
1000 1307 1138 1350 τέκνον
1166 1308 1270 1351 τίνον
1300 1309 1444 1360 μύσος.
1509 1311 1581 1353 Sic

277 1409 412 1465 igitur
440 1422 584 1451 versus
613 1407 721 1450 mihi
749 1406 950 1450 videntur
980 1408 1215 1451 scribendi:

589 1509 725 1550 τέκνον
758 1509 792 1550 δ’
826 1509 1060 1561 ἐπεισφέρει
1093 1509 1264 1562 δόμοις

583 1597 774 1663 αἱμάτων
806 1599 1066 1651 παλαιτέρων
1090 1600 1225 1642 τίνον
1255 1601 1385 1653 μύσος

584 1687 715 1741 χρόνῳ
742 1687 879 1730 κλυτὰ
910 1687 1157 1743 βυσσόφρων
1195 1691 1364 1743 Ἐρινύς.

279 1803 461 1843 quorum
490 1789 652 1845 primus
687 1789 878 1831 concinit
911 1803 1007 1831 cum
1039 1791 1278 1845 strophico:

580 1888 727 1936 Δίκας.
762 1889 807 1930 τὸ
838 1888 898 1939 μὴ
932 1888 1045 1940 θέμις
1075 1889 1188 1943 γάρ,
1221 1893 1278 1933 οὐ.

449 2112 608 2152 Anscn.
627 2108 818 2165 Choeph.
841 2110 927 2151 734
945 2122 1061 2164 seqq.
1087 2111 1188 2164 (721
1209 2125 1325 2167 seqq.
1347 2114 1424 2170 H.)

398 2221 592 2273 Αἴγισθον
623 2221 645 2270 ἧ
677 2223 886 2273 κρατοῦσα
917 2219 1011 2267 τοὺς
1045 2219 1179 2271 ξένους
1212 2229 1406 2267 καλεῖν

397 2311 504 2359 ὅπως
542 2310 718 2363 τάχιστ’
746 2310 925 2362 ἄνωγεν,
961 2312 1011 2358 ὡς
1041 2311 1295 2366 σαφέστερον

395 2401 494 2454 ἀνὴρ
524 2401 600 2443 ἀπ’
627 2400 765 2453 ἀνδρὸς
795 2401 868 2449 τὴν
902 2401 1160 2454 νεάγγελτον
1188 2403 1319 2457 φάτιν

391 2493 511 2535 ἐλθὼν
545 2492 722 2542 πύθηται
758 2491 890 2541 τήνδε.
926 2508 966 2536 τ.
989 2509 1028 2536 κ.
1052 2493 1086 2536 ἑ.

333 2604 540 2647 PAuwius
577 2617 654 2659 pro
695 2603 867 2658 vulgata
907 2603 1040 2647 Codd.
1085 2603 1270 2649 lectione
1292 2583 1393 2656 τοὺς
1435 2609 1570 2661 ξένους
