1920 2893
928 134 987 173 60

857 283 1065 327 XXXIV.

356 382 416 425 In
435 384 645 427 Cicerone
664 385 771 440 Epp.
802 384 857 426 ad
887 384 985 427 Div.
1020 385 1075 427 X.
1111 388 1150 428 3.
1179 388 1221 427 4.
1257 386 1405 440 (Orell.
1434 385 1515 428 Ed.
1533 388 1610 442 2·.)
1690 437 1698 451 Ι

302 486 476 528 sciebam
514 487 619 527 enim
651 498 702 527 ex
731 485 873 527 iisdem
906 488 946 526 te
980 487 1079 527 haec
1119 488 1288 528 haurire
1322 486 1529 542 fontibus,
1566 499 1616 528 ex

301 586 446 640 quibus
459 587 544 639 ipee
556 587 772 626 hauseram
786 601 795 626 z
816 589 1081 641 postremum
1095 585 1396 642 corrigendum
1413 587 1614 629 hauriam.

875 685 1057 729 XXXV.

363 787 475 827 Ibid.
513 790 554 825 4.
586 790 627 826 4.
654 787 763 827 bene
790 786 924 828 sensit
947 785 1156 828 Ernestus
1194 784 1483 829 abiiciendum
1527 800 1619 831 esse

304 894 348 928 ut
381 890 521 929 eciam.

860 986 1068 1028 XXXVI.

364 1087 476 1132 Ibid.
517 1089 558 1131 6.
594 1090 634 1131 3.
669 1102 782 1131 nemo
812 1088 1036 1131 consularis
1066 1088 1246 1138 habitus,
1278 1090 1358 1130 nisi
1387 1090 1457 1144 qui
1486 1090 1619 1132 animo

304 1191 436 1232 extitit
463 1190 508 1231 in
531 1202 616 1231 rem
629 1188 839 1243 publicam
863 1187 1078 1229 consulari.
1124 1187 1379 1243 Requiritur
1414 1189 1619 1231 extitisset.

843 1286 1080 1329 XXXVII.

365 1389 478 1431 Ibid.
524 1401 626 1442 quae
667 1391 712 1428 tu
750 1389 793 1427 in
835 1387 1077 1441 experiendo
1124 1399 1172 1428 ea
1216 1351 1397 1438 ratioiie,
1442 1400 1543 1442 quae
1585 1391 1622 1429 te

308 1488 432 1543 diyna
480 1492 538 1529 est
552 1519 565 1538 ,
609 1500 708 1528 vera
745 1499 829 1527 esse
866 1498 1088 1540 coynosces.
1153 1485 1299 1540 Digna
1335 1486 1497 1528 Planco
1535 1501 1625 1529 non

308 1589 440 1639 ratio,
469 1587 546 1633 sed
575 1587 797 1628 moderatio
828 1591 930 1630 erat.

834 1686 1098 1729 XXXVIII.

373 1790 486 1833 Ibid.
531 1791 598 1831 12.
637 1791 675 1830 1.
706 1792 750 1829 ut
796 1801 985 1842 maynam
1014 1791 1178 1841 partem
1215 1788 1314 1829 mihi
1346 1788 1524 1830 laetitiae
1556 1792 1627 1829 tua

309 1892 488 1946 diynitas
529 1890 667 1943 affert.
750 1887 999 1930 Deserenda
1058 1887 1291 1931 auctoritas
1342 1888 1530 1932 Medicei
1583 1893 1626 1932 et

311 1989 599 2036 revocandum
637 1988 799 2042 afferat.

863 2087 1072 2129 XXXIX.

372 2182 485 2235 Ibid.
525 2192 566 2233 2.
599 2192 644 2231 ut
677 2190 911 2230 consuerat:
945 2190 989 2228 at
1019 2200 1090 2241 eqo
1121 2188 1158 2228 ei
1180 2188 1320 2228 literae
1340 2191 1444 2228 tuae.
1496 2188 1626 2231 Ratio

313 2292 474 2336 evincit
518 2304 740 2347 perperam
786 2289 988 2332 iteratam
1036 2302 1128 2331 esse
1170 2288 1391 2344 syllabam.
1463 2288 1624 2334 Delen-

316 2392 418 2436 dum
459 2395 512 2433 at.

926 2491 1019 2532 XL.

382 2593 493 2636 Ibid.
519 2594 585 2634 15.
609 2593 648 2633 2.
680 2592 823 2634 Nemo
843 2590 945 2633 dum
966 2590 1072 2634 vidit
1091 2604 1311 2647 perperam
1330 2590 1391 2633 sic
1410 2589 1501 2634 edi:
1527 2591 1632 2631 Pro-
