1920 2893
943 147 973 184 4

1032 195 1057 202 ο

309 309 437 350 quam
467 299 673 339 emenoni
696 296 906 349 debitam,
933 297 1112 341 meliora
1138 297 1316 342 edoctus
1338 297 1489 341 falsam
1519 311 1613 340 esse

307 399 501 453 cognovi.
580 399 749 443 Notum
791 404 857 442 est
868 428 883 450 ,
919 413 1163 442 emmonim
1195 399 1428 443 nonnullos
1464 413 1610 442 versus

309 499 566 542 Homericos
605 499 921 543 exercitationis
957 514 1087 543 causa
1117 501 1277 543 Latino
1312 515 1509 544 sermone
1539 514 1612 543 ex—

307 599 522 652 pressisse.
602 599 671 641 De
704 598 804 641 Div.
839 601 880 641 2.
911 601 970 641 30
1000 600 1339 655 Agamemnonis
1372 601 1610 644 orationem

313 698 384 752 (Il.
414 700 456 740 2.
482 700 736 755 299—330)
765 699 933 743 Latinis
959 700 1149 744 versibus
1170 705 1437 755 persecutus,
1466 701 1610 744 locum

309 803 505 841 nostrum
537 800 599 841 sic
632 801 841 842 convertit
858 818 868 841 ι

369 921 621 976 uCorripuit
655 922 819 977 pullos:
844 917 960 976 ¹quos
994 937 1093 964 eum
1123 926 1394 964 consumeret
1426 927 1551 971 octo,

370 1040 392 1059 a
406 1023 538 1064 Nona
564 1036 686 1077 super
711 1022 896 1066 tremulo
926 1022 1120 1078 genetrix
1150 1023 1337 1077 clangore
1363 1021 1586 1064 volabat.''

368 1151 468 1193 Quo
513 1150 645 1200 duee,
684 1165 761 1205 pro
801 1163 992 1206 praepos.
1033 1149 1149 1203 ἀμφὶ
1196 1149 1475 1191 coniiciebam
1510 1149 1609 1200 ὑπὲρ

309 1256 353 1294 et
384 1266 551 1295 versum
580 1251 642 1293 sie
670 1249 886 1305 legebam:

329 1377 418 1425 Τὴν
450 1376 491 1419 δὲ
529 1375 810 1428 Γελιξάμενος
846 1374 1047 1427 πτέρυγος
1082 1373 1188 1426 λάβ’
1224 1372 1590 1427 ὑπερΓιοὶχουσοιν.

367 1501 453 1544 Sed
490 1501 695 1556 quoniam
730 1515 885 1542 crosno
916 1500 963 1541 in
997 1499 1239 1543 Homericis
1279 1499 1436 1551 Latine
1470 1505 1610 1542 trans-

305 1603 492 1646 ferendis
540 1603 716 1646 liberius
761 1601 896 1656 egisse
940 1573 1109 1642 videtur
1156 1604 1199 1642 et
1245 1600 1430 1641 mutatio
1478 1600 1608 1642 nimis

306 1704 495 1747 violenta
521 1717 662 1758 neque
691 1701 926 1758 probabilis
947 1700 1179 1743 admodum
1202 1684 1310 1742 milii
1337 1700 1606 1755 displicebat,

304 1804 485 1848 oratoris
516 1802 763 1847 auctoritati
793 1816 940 1857 parere
971 1800 1187 1850 recusavi,
1216 1804 1365 1843 eontra
1395 1816 1447 1843 ex
1473 1800 1607 1855 ipsius

305 1911 458 1963 poetae
507 1919 705 1948 sermone
757 1909 800 1946 et
840 1918 944 1955 usu„
989 1917 1099 1958 quae
1149 1903 1311 1958 optima
1354 1903 1608 1946 emendandi

304 2009 374 2051 via
420 2006 618 2051 habenda
665 2010 751 2056 est,
796 2004 1070 2048 verisimilem
1120 2003 1351 2048 lectionem
1403 2004 1612 2060 expiscari

305 2124 401 2152 sum
431 2111 624 2161 conatus.

364 2209 559 2252 Verbum
590 2205 791 2259 Ριοέχειν,
837 2211 886 2248 ut
920 2221 1048 2262 supra
1087 2206 1194 2257 dixi,
1232 2211 1380 2250 nostro
1417 2207 1513 2249 loco
1545 2212 1611 2250 est

301 2312 511 2366 ineptum.
576 2308 821 2363 Significat:
853 2320 992 2349 sonum
1024 2309 1164 2359 edere,
1193 2311 1439 2363 streperet).
1484 2309 1613 2352 Quae

344 2554 370 2599 ¹)
394 2555 446 2589 De
467 2565 535 2598 qua
556 2555 694 2597 signific.
728 2554 769 2587 ef.
795 2554 912 2598 Symb.
945 2555 1007 2588 litt.
1033 2556 1077 2588 V.
1102 2556 1130 2588 Ι.
1156 2565 1188 2598 p.
1219 2558 1293 2588 140.
1341 2554 1446 2598 Apud
1476 2557 1616 2590 seriores

298 2618 468 2650 transitive
493 2621 677 2659 usurpatur.
727 2617 804 2649 vid.
830 2624 978 2649 rAssow.
1005 2617 1055 2649 ed.
1080 2617 1185 2660 quint.
1212 2616 1247 2649 in
1273 2626 1342 2650 voc.
1371 2617 1469 2661 ῖάχω.
