1920 2893
958 89 1011 130 16

337 240 569 291 ponentes,
615 250 700 292 quo
757 213 980 281 commode
1030 251 1174 282 versus
1223 237 1366 282 hiatus
1409 240 1627 285 vitaretur.

333 337 400 379 Cf.
428 352 467 379 v.
495 353 531 381 c.
557 338 612 380 ΙΙ.
634 340 705 381 21.
727 340 837 389 341,
867 339 944 382 ubi
972 339 1111 383 simile
1140 340 1242 383 artis
1268 355 1371 385 suae
1396 341 1626 385 documen-

328 442 425 480 tum
476 438 703 481 ediderunt
743 439 1010 490 diorthotae‚
1055 442 1157 492 ἐγὼν
1205 439 1388 494 ἰάχουσα
1433 455 1510 498 pro
1559 455 1630 496 ge-

331 540 468 582 nuino
507 540 589 590 ἐγὼ
628 526 902 592 Ριοέχουσοι
941 516 1117 582 nonno
1151 540 1441 584 obtrudentes.
1502 541 1628 583 Eius-

330 638 447 681 modi
492 653 592 682 vero
624 639 887 683 mutationes
923 654 1057 695 quum
1090 639 1138 681 in
1168 640 1430 683 carminibus
1469 641 1632 684 Home-

327 739 426 782 ricis
474 744 517 781 et
566 739 795 782 Hesiodeis
840 738 1217 794 deprehenduntur
1256 710 1345 781 fere
1382 739 1628 780 innumera-

329 837 437 880 biles
453 868 466 887 ,
498 837 692 893 exempla
722 838 941 880 cumulare
971 851 1281 904 supervacuum
1319 842 1395 880 est.

388 937 442 978 V.
479 938 565 979 205
605 937 781 980 verbum
812 935 1097 990 ἐπιοινοχοεύοι
1134 942 1199 981 est
1240 935 1362 987 ἅπαξ
1399 936 1628 989 εἰρημένον,

327 1035 688 1091 quemadmodum
722 1037 1037 1088 ἐνοινοχοεῦντες
1072 1036 1153 1078 Οᾶ.
1195 1038 1236 1078 3.
1268 1036 1370 1078 472.
1433 1036 1628 1092 Uterque

327 1136 447 1178 locus
477 1140 717 1192 corruptus.
778 1137 873 1178 'Pro
909 1136 1195 1189 ἐπιοινοχοεύοι
1243 1151 1283 1179 v.
1321 1151 1430 1179 anum·
1466 1151 1630 1192 germa-

325 1252 428 1280 nam
473 1237 656 1279 formam
701 1236 993 1289 ΡοινοχοΓεύοι
1036 1240 1191 1291 poe'tae
1228 1237 1421 1280 restituit
1458 1236 1511 1294 ¹).
1583 1238 1631 1279 Si

326 1350 426 1380 vero
468 1336 614 1379 locum
652 1339 851 1395 nostrum
891 1350 990 1378 cum
1023 1336 1091 1378 Il:
1120 1338 1159 1378 1.
1200 1338 1284 1379 597
1325 1351 1442 1393 seqq.
1478 1341 1630 1380 contu-

325 1437 450 1487 leris,
481 1436 711 1479 verisimile
748 1436 916 1480 videtur
943 1451 1002 1479 vs.
1031 1438 1119 1479 206
1147 1441 1223 1480 aut
1249 1437 1487 1480 insiticium
1519 1451 1631 1488 esse,

329 1538 679 1594 quandoquidem
717 1541 1057 1581 consentaneum
1096 1538 1153 1580 sit
1196 1538 1343 1580 statim
1379 1543 1477 1593 post
1516 1537 1629 1581 verb.

328 1638 621 1690 ΡοινοχοΓεύοι
661 1639 804 1692 sequi:
854 1637 1030 1691 χρυσέου
1088 1639 1134 1680 ἐκ
1187 1644 1378 1692 κρητῆρος
1427 1637 1629 1691 ἀφύσσων

328 1739 474 1791 νέκταρ
529 1737 706 1791 ἐρυθρόν,
750 1739 816 1780 uti
867 1738 917 1779 fit
958 1738 1013 1778 Il.
1061 1740 1098 1779 1.
1149 1740 1258 1788 598,
1302 1738 1357 1779 ad
1387 1738 1509 1780 cuius
1544 1738 1629 1781 loci

327 1840 571 1895 exemplum
607 1838 760 1894 hymni
798 1852 944 1880 versus
978 1838 1204 1881 manifeste
1237 1815 1464 1894 compositi
1493 1843 1627 1890 .sunt;

329 1945 406 1982 aut
449 1937 594 1982 versfis
634 1937 778 1981 sedem
817 1938 971 1981 saltem
1001 1952 1093 1981 esse
1125 1937 1379 1981 mutandam
1408 1942 1452 1981 et
1488 1939 1534 1980 in
1566 1939 1630 1981 lo-

331 2055 431 2083 cum
461 2054 499 2082 v.
527 2040 613 2081 207
644 2037 975 2081 tranferendam.
1047 2037 1179 2080 Quod
1210 2038 1367 2080 attinet
1396 2037 1452 2079 ad
1480 2038 1628 2080 lectio-

330 2154 432 2183 nem
462 2140 806 2192 ἐνοινοχοεῧντες,
837 2116 1016 2180 dubium
1060 2152 1151 2180 esse
1196 2138 1373 2192 nequit,
1411 2138 1517 2192 quin
1556 2138 1630 2180 ab·

328 2241 440 2284 ieeta
479 2253 671 2295 praepos.
713 2238 852 2281 otiosa
896 2252 1072 2281 nomano
1110 2237 1376 2281 reddendum
1414 2239 1493 2280 sit:
1536 2239 1631 2280 Fas*-

330 2355 392 2382 νον
425 2341 864 2391 Γοινοχοεῦντες.

372 2560 396 2603 ¹)
421 2561 472 2595 Cf,
496 2562 553 2593 lib.
578 2562 600 2593 l.
626 2565 739 2594 annot.
764 2561 805 2592 ad
829 2560 870 2592 11.
901 2563 928 2592 1.
956 2563 1032 2593 5⁹8.
