1920 2893
928 102 956 143 9

295 257 338 295 et
384 252 558 308 quidem
607 251 900 301 intransitive,
946 250 1307 305 quemadmodum
1343 253 1509 306 imperf.
1545 257 1589 295 et

292 355 440 410 partic.
465 352 577 408 apud
606 366 679 395 eos
707 356 961 402 occurrunt,
982 366 1205 408 nunquam
1222 366 1322 395 vero
1348 351 1589 402 transitive,

293 453 409 509 quod
436 454 484 495 in
500 452 635 509 Epico
665 456 794 509 poeta
815 467 872 497 ne
898 453 1138 498 recentiore
1157 452 1332 509 quidem
1359 451 1590 494 admitten-

292 553 395 596 dum
429 553 610 598 videtur.
640 580 700 587 —
737 554 1025 598 statuendum
1063 569 1162 610 ergo
1204 552 1410 605 arbitror,
1456 568 1590 609 quum

292 658 461 698 constet
489 659 728 699 ceterorum
760 656 806 697 in
844 655 961 697 hunc
983 669 1152 698 versum
1181 655 1447 698 coniecturas
1479 655 1590 697 nihil

292 757 473 808 habere,
505 771 590 812 quo
628 772 675 800 se
710 735 1033 808 commendent,
1074 771 1215 812 neque
1252 756 1435 800 formam
1472 756 1588 810 ἰάχει

292 870 390 899 cum
428 856 596 900 obiecto
634 860 747 899 stare
784 871 928 912 posse,
956 871 1194 899 nunnumr
1221 856 1590 907 emendationem,

291 970 401 1011 quae
428 955 660 1012 probabilis
690 960 755 997 est
780 960 824 998 et
851 957 1003 999 Graeci
1029 956 1236 999 sermonis
1259 971 1342 999 usu
1367 957 1592 1000 confirma-

291 1060 364 1098 tur
374 1088 387 1107 ,
419 1071 510 1100 esse
541 1056 841 1112 recipiendam.

740 1254 794 1295 Il.
832 1256 874 1296 4.
903 1255 988 1296 148
1021 1270 1137 1310 seqq.

320 1395 523 1449 Γρίγησεν
559 1396 592 1438 δ’
613 1395 676 1449 ἄρ’
710 1395 858 1439 ἔπειτα
890 1395 1037 1447 Fciam}
1075 1396 1223 1449 ἀνδρῶν
1255 1397 1556 1450 Ἀγαμέμνων,

316 1496 366 1542 ὡς
403 1493 540 1537 ἔΓιδεν
572 1494 708 1546 μέλαν
748 1492 858 1546 αἷμα
891 1495 1110 1548 καταρρέον
1146 1495 1192 1546 ἐξ
1223 1498 1408 1545 ὠτειλῆς·

320 1593 522 1647 Γρίγησεν
557 1594 598 1636 δὲ
630 1594 699 1636 καὶ
741 1594 864 1641 αὐτὸς
898 1594 1175 1648 ἈρηΡίφιλος
1201 1597 1434 1645 Μενέλαος.

319 1696 370 1742 ὡς
397 1694 437 1735 δὲ
470 1693 589 1735 Flam
621 1692 792 1744 νεῦρόν
819 1709 865 1734 τε
896 1694 965 1735 καὶ
992 1694 1136 1744 ὄγκους
1164 1696 1280 1741 ἐκτὸς
1305 1696 1470 1748 ἐόντας,

320 1795 493 1849 ἄψορρόν
517 1795 586 1837 Γοι
617 1794 738 1845 θυμὸς
771 1793 825 1836 ἐνὶ
860 1795 1074 1843 στήθεσσιν
1103 1795 1267 1848 ἀγέρθη.

348 1959 402 1998 V.
437 1960 518 1998 151
545 1971 634 1998 voc.
661 1960 791 2008 νεῦρον
822 1955 1013 1998 offendit.
1045 1937 1373 2014 'Lexicographi
1402 1960 1585 2004 afferunt

288 2055 461 2114 quidem
483 2054 866 2111 significationem,
896 2054 993 2108 sed,
1023 2060 1073 2100 ut
1103 2057 1294 2115 saepius,
1314 2028 1468 2105 *fictam
1485 2059 1584 2107 nuI-

286 2157 426 2211 lisque
471 2155 728 2198 testimoniis
771 2155 996 2197 firmatam.
1062 2159 1214 2209 Νεῦρον
1251 2159 1333 2200 hoo
1369 2160 1465 2203 loco
1506 2163 1583 2218 (sic

286 2259 368 2312 illi)
401 2272 478 2312 pro
507 2256 619 2308 νευρὴ
645 2256 833 2310 positum
863 2261 951 2306 est,
982 2260 1024 2298 et
1046 2258 1280 2311 significat:
1313 2259 1432 2301 arcus
1458 2261 1582 2303 chor·

291 2358 414 2409 dam,
442 2361 493 2401 ut
518 2370 645 2412 supra
681 2370 720 2398 v.
757 2356 854 2398 122.
919 2356 1004 2399 Sed
1033 2357 1161 2413 quid,
1191 2375 1371 2415 quaeso,
1400 2362 1482 2405 sibi
1510 2378 1579 2407 ve-

289 2458 373 2502 lint
400 2456 521 2503 arcus
548 2455 707 2501 chorda
735 2459 778 2500 et
806 2455 987 2512 sagittae
1014 2458 1208 2514 cuspides
1236 2473 1259 2503 e
1285 2460 1460 2506 vulnere
1483 2476 1580 2519 pro-

288 2560 529 2603 minentes?
583 2560 745 2615 Neque
783 2558 1182 2615 praeter-videndum
1219 2565 1284 2605 est
1319 2576 1409 2606 voc.
1448 2566 1579 2616 νεῦρον
