1920 2893
934 158 991 198 39

304 311 400 358 tur,
430 321 530 350 eum
560 322 611 350 eo
641 312 786 349 tamen
817 307 927 349 nihil
959 320 1187 349 commune
1218 308 1358 351 habet.
1409 309 1602 351 Primum

302 409 418 452 enim
432 440 447 460 ,
490 409 608 463 quod
649 409 829 452 minoris
872 408 984 451 forte
1027 413 1092 452 est
1120 410 1355 460 momenti,
1390 409 1437 450 in
1464 411 1599 454 altero

302 525 428 556 versu
471 509 525 554 de
563 510 774 567 Zephyre,
815 510 862 553 in
908 509 1042 555 altero
1086 525 1186 555 vero
1221 510 1274 554 de
1310 511 1428 554 Euro
1462 526 1600 556 sermo

281 616 392 663 est,
434 611 477 654 h.
499 625 535 655 e.
571 610 623 654 de
656 600 793 655 ventis
823 626 846 655 e
884 611 1059 667 regione
1088 613 1294 669 oppositis
1325 614 1480 669 agitur.
1517 613 1601 673 (eff.

301 712 385 753 Od.
412 715 452 753 5.
480 714 586 764 332,·
623 715 691 754 19.
725 714 848 767 206).
907 712 1159 762 Praeterea,
1191 713 1307 767 quod
1335 714 1451 755 haud
1478 729 1599 769 sper-

302 813 513 863 nendum,
534 827 847 855 rusuxumms
875 814 922 854 in
948 817 1095 855 annot.
1122 813 1178 855 ad
1196 827 1324 855 earm.
1351 814 1465 856 laud.
1491 820 1600 856 stro-

302 912 417 968 phen
441 916 603 964 totam,
633 913 680 959 in
709 928 794 969 qua
824 913 1048 957 decantata
1072 913 1156 956 ista
1179 913 1364 956 occurrit
1387 913 1599 965 imitatio,

303 1026 494 1055 noun-to
532 1013 771 1064 abiudicat,
808 1014 964 1070 quippe
997 1014 1183 1069 glossam
1212 1014 1426 1070 poetieam
1459 1027 1600 1068 gram·

286 1114 448 1157 ,matici
488 1115 668 1158 alieuius
706 1115 1013 1158 continentem.
1083 1116 1401 1181 Argumentum
1441 1115 1600 1169 igitur,

298 1216 357 1258 ad
402 1216 519 1270 quod
563 1230 710 1258 omnes
765 1230 971 1257 nummus
1027 1216 1361 1258 Phoenissarum
1414 1215 1598 1259 editores

299 1299 498 1361 certatim
539 1321 846 1372 provocarunt,
899 1333 984 1372 quo
1033 1318 1264 1360 lectionem
1315 1318 1597 1365 ἱππεύσαντος

298 1417 542 1461 stabilirent
595 1418 783 1468 scilieet,
837 1417 893 1460 ad
941 1417 1128 1460 nihilum
1184 1417 1415 1474 redigitur,
1465 1433 1599 1474 quum

298 1501 602 1574 grammaticus
633 1517 806 1573 ignotus
834 1517 882 1559 in
900 1518 1057 1560 summi
1076 1521 1230 1575 poetae
1259 1518 1402 1561 locum
1435 1517 1600 1560 subeat<

302 1618 398 1661 Iam
441 1618 671 1662 verisimile
705 1618 755 1660 fit
791 1618 924 1661 istum
957 1619 1281 1674 grammaticum
1318 1633 1409 1662 voe.
1449 1617 1601 1661 ἱππεύ-

300 1733 475 1766 σαντος,
508 1719 613 1761 olim
659 1719 962 1774 depravatum,
990 1719 1104 1774 apud
1135 1719 1362 1774 Tragieum
1404 1723 1600 1761 nostrum

299 1818 512 1861 invenisse
563 1822 693 1874 atque
741 1817 843 1860 inde
894 1833 1021 1860 suum
1066 1832 1258 1869 versum,
1305 1818 1499 1874 Zephyro
1549 1818 1597 1860 in

299 1920 465 1962 Eurum
491 1923 681 1970 mutato,
704 1919 932 1962 effinxisse.
977 1919 1287 1974 Paraphrasten
1310 1923 1454 1961 autem
1478 1918 1597 1960 aliud

244 2028 251 2034 '
299 2019 405 2074 quid
433 2019 548 2075 apud
579 2033 809 2061 Eunmnmu
839 2018 1013 2074 legisse,
1046 2019 1142 2062 luce
1171 2019 1328 2062 clarius
1356 2024 1441 2070 est,
1464 2034 1596 2074 quum

299 2119 346 2160 in
378 2119 624 2176 paraphrasi
658 2119 777 2163 chori
813 2119 962 2163 verba:

855 2220 1038 2274 Ζεφύρου
1068 2226 1212 2268 πνοαῖς
1239 2269 1241 2271 ,

690 2320 972 2368 ἱππεύσαντος
1009 2321 1048 2362 ἕν
1078 2321 1225 2373 οὐροινῷ

734 2421 959 2465 κάλλιστον
994 2421 1232 2474 κελάδημα.

303 2523 503 2580 explicet:
540 2523 724 2578 Ζεφύρου
763 2524 944 2578 σφοδρῶς
978 2524 1319 2572 πνεύσαντος
1348 2525 1388 2567 ἐν
1421 2521 1476 2578 τῷ
1509 2526 1594 2580 οΞέρι

303 2624 518 2667 κάλλιστοι
562 2625 858 2677 κελαδήματα.
935 2625 1090 2680 Neque
1124 2625 1247 2667 aliter
1283 2626 1511 2670 scholiasta
1549 2629 1602 2670 ad
