1920 2893
925 99 984 147 29

310 256 417 300 Deos
427 273 441 308 3
471 257 589 312 quod
615 257 743 298 nihili
768 262 857 308 est,
886 258 975 300 imo
1001 257 1194 314 Pyladen
1221 259 1407 301 amicum
1430 260 1486 301 ad
1512 273 1611 302 cae-

308 354 407 398 dem
435 356 694 398 excitantem
725 370 855 411 quam
883 355 1069 399 maxime
1088 355 1276 399 dedecet.
1307 355 1477 398 Vitium
1494 358 1608 399 alere

310 459 454 501 locum
498 458 606 500 mihi
645 458 813 502 videtur
839 472 980 514 neque
1010 459 1185 510 dubito,
1224 458 1329 513 quin
1354 457 1467 500 verb.
1502 458 1605 508 ἡγοῦ

308 562 556 614 corruptum
580 558 648 601 sit.
709 560 823 602 Puto
848 574 925 615 pro
952 560 1075 610 ἡγοῦ,
1104 534 1190 602 1evi
1218 573 1322 602 sane
1341 558 1609 608 mutatione,

305 663 453 702 nostro
485 660 580 702 loco
622 674 713 702 esse
742 658 1060 702 rescribendum
1097 658 1238 707 ἓλοῦ;
1279 672 1362 713 quo
1406 662 1605 713 recepto,

306 760 537 802 sententia:

489 858 685 908 ἅπαντας
716 860 882 914 ἐχθροὺς
912 864 990 903 τῶν
1020 861 1114 903 θεῶν
1145 860 1239 902 ἑλοῦ
1270 858 1408 902 πλέον.

303 974 403 1002 cum
445 961 733 1016 superioribus
769 962 878 1004 bene
905 962 1126 1004 cohaeret-
1179 962 1338 1003 Sensus
1378 959 1495 1002 enim
1527 959 1601 1001 fit:

304 1058 434 1111 mayis
465 1059 590 1112 eliyas
626 1071 758 1099 omnes
794 1058 869 1098 tibi
903 1058 1085 1098 inimicos
1113 1070 1195 1098 esse
1223 1071 1345 1111 quam
1373 1058 1479 1098 Deos
1508 1056 1603 1118 yel,

303 1147 419 1202 quod
456 1147 608 1190 eodem
649 1146 787 1198 redit,
828 1150 1059 1188 cunctorum
1088 1145 1281 1200 infestum
1315 1146 1493 1188 animum
1524 1146 1603 1187 ini-

300 1223 465 1288 micitiis
503 1248 682 1288 Deorum
719 1247 918 1301 praefer,
959 1249 1186 1299 anteponas.
1250 1263 1272 1284 n
1284 1246 1417 1296 Cave,
1457 1246 1602 1300 inquit

306 1346 547 1403 uPyladeS,
589 1346 706 1410 Deos
739 1346 819 1390 tibi
852 1345 1030 1389 infestos
1060 1344 1233 1387 reddas:
1263 1349 1452 1400 praestat
1485 1345 1599 1389 enim

304 1466 326 1488 u
335 1452 587 1492 cunctorum
630 1449 856 1491 hominum
902 1445 1148 1489 inimicitias
1191 1445 1425 1501 suscepisse
1468 1423 1596 1501 quam

302 1565 325 1587 a
345 1548 576 1591 Deorum.”
674 1549 744 1590 Sic
800 1550 1007 1599 μᾶλλον
1066 1547 1264 1600 αἱρεῖσθαι
1324 1546 1438 1602 apud
1501 1562 1595 1589 nun.

300 1648 437 1690 Orest.
472 1649 576 1689 752:

460 1748 506 1791 τὸ
538 1748 801 1796 τοῦδεκῆδος
833 1749 997 1799 μᾶλλον
1030 1746 1156 1790 εἵλετ’
1188 1747 1211 1797 ἢ
1244 1747 1414 1801 πατρός.

299 1823 464 1889 naseu
495 1860 571 1901 pro
601 1846 767 1897 μᾶλλον
798 1836 987 1901 ῤοίωω
1017 1844 1114 1888 vide
1145 1845 1258 1902 apud
1282 1860 1425 1890 auson.
1448 1846 1592 1890 Prom.

293 1949 377 1999 41‚·
405 1947 532 1989 Eum.
567 1947 672 1998 163,·
704 1946 858 1989 πλέον
889 1962 936 1988 τι
964 1947 1060 1989 loco
1080 1946 1246 1998 μᾶλλόν
1271 1963 1310 1989 τι
1331 1948 1475 1991 Prom.
1507 1950 1596 1996 843

295 2048 338 2088 et
368 2044 538 2100 passim.
601 2042 844 2098 Scripturae
889 2043 1117 2095 discrimen
1158 2043 1246 2086 fere
1294 2044 1465 2088 nullum
1506 2051 1591 2089 est:

295 2149 448 2186 ΕΛΟΤ
479 2159 540 2184 =
571 2147 735 2185 ΗΓΟΤ.

592 2312 750 2354 Anscn.
779 2312 906 2354 Eum.
940 2314 1038 2354 118.
1078 2314 1180 2367 (121
1213 2315 1289 2369 Η.)

395 2413 554 2465 μόλοιτ’
586 2412 663 2461 ἄν,
698 2413 795 2466 oium
827 2413 860 2456 δ’
895 2412 1060 2467 οἴχετ-,χι
1092 2413 1299 2468 φεύγων
1329 2414 1476 2467 πρόσω.

348 2536 404 2576 Ιη
443 2536 661 2588 omnibus,
693 2535 808 2591 quod
840 2535 955 2587 scio,
984 2549 1192 2578 Anscnvm
1227 2534 1486 2579 editionibus
1519 2537 1588 2580 hic
