1920 2893
948 73 1004 112 49

386 227 456 270 Sic
485 227 629 271 omnia
660 226 743 279 sibi
772 225 1030 281 respondent
1061 230 1104 268 et
1132 225 1296 267 salvum
1327 230 1390 268 est
1415 229 1612 269 metrum.

322 327 428 371 Non
465 342 572 383 opus
617 326 698 370 erit
730 325 1020 370 demonstrare
1038 357 1051 376 ,
1102 325 1353 381 particulam
1410 327 1468 377 γὲ
1517 331 1614 382 post

321 426 439 476 δῆλον
476 427 663 483 positam
696 441 968 482 nequaquam
997 440 1088 470 esse
1116 427 1322 477 otiosam,
1354 441 1486 482 quum
1523 427 1612 470 eius

318 528 381 570 vis
419 533 463 570 et
493 527 760 583 significandi
792 532 979 583 potestas
1013 541 1064 569 ex
1085 500 1468 570 innumerabilibus
1499 542 1615 570 Aius-

318 642 523 673 ‘romnus
582 629 687 672 locis
738 628 834 671 luce
879 628 1034 670 clarius
1081 632 1280 684 appareat
1328 628 1611 691 omnibusque

317 729 566 772 innotuerit.
636 729 780 772 Facile
816 732 963 771 autem
998 728 1094 771 loco
1124 732 1271 771 nostro
1303 728 1440 783 perire
1466 728 1611 784 potuit

316 829 366 879 γὲ
398 832 442 871 et
469 829 516 870 in
544 829 591 870 τὸ
629 829 812 878 mutari,
848 828 1195 884 quandoquidem
1232 828 1344 871 inter
1383 834 1609 885 utramque

314 930 568 986 particulam
601 929 837 987 (r8=To)
871 931 1072 985 exiguum
1103 931 1341 974 intercedat
1378 933 1610 987 scripturae

316 1032 554 1076 discrimen.
615 1031 748 1074 Cuius
782 1031 1045 1074 confusionis
1075 1031 1111 1073 si
1143 1031 1355 1074 rationem
1387 1031 1611 1082 habueris,

312 1134 541 1177 verisimile
577 1133 627 1175 fit
663 1136 823 1176 ceteras
861 1132 1016 1174 horum
1048 1147 1247 1175 versuum
1280 1134 1426 1176 turbas
1458 1148 1509 1176 ex
1533 1130 1613 1176 ‘de-

312 1234 587 1278 scribentium
618 1233 744 1276 metri
774 1232 990 1289 imperitia
1025 1237 1139 1276 ortas
1174 1248 1265 1276 esse
1278 1266 1291 1284 ‚
1334 1238 1486 1289 utpote
1538 1234 1613 1289 qui

311 1350 460 1391 parum
502 1338 702 1377 curarent
739 1348 817 1384 an,
856 1348 963 1389 quos
1002 1336 1162 1383 temere
1196 1334 1485 1390 corrupissent
1521 1347 1613 1377 ver-

310 1452 403 1487 sus,
435 1450 532 1479 cum
569 1435 884 1490 antistrophicis
918 1439 1014 1489 apte
1048 1439 1343 1489 congruerent.

696 1906 843 1946 Ams'r.
877 1906 957 1959 Eq.
992 1908 1079 1947 430
1110 1921 1195 1960 seq.

348 2057 478 2108 ἔξειμι
511 2054 592 2107 γάρ
626 2069 684 2095 σοι
718 2053 961 2106 λαμπρὸς
995 2053 1064 2101 ἤδη
1097 2053 1165 2095 καὶ
1198 2054 1337 2105 μέγας
1382 2058 1556 2109 καθιείς,

346 2158 444 2209 ὁμοῦ
475 2154 689 2208 ταράττων
725 2154 797 2202 τήν
829 2168 874 2194 τε
898 2157 976 2203 γῆν
1011 2151 1079 2194 καὶ
1112 2153 1184 2201 τὴν
1215 2152 1431 2197 θάλατταν
1465 2158 1567 2206 εἰκῆ.

357 2335 413 2375 In
454 2346 578 2375 versu
614 2332 752 2387 priore
790 2345 879 2373 voc.
923 2329 1114 2382 λαμπρὸς
1148 2330 1301 2393 vitium
1338 2331 1450 2375 alere
1484 2334 1589 2375 mihi

296 2434 476 2475 videtur.
519 2433 665 2474 Quum
695 2431 810 2473 enim
838 2430 939 2472 inde
970 2444 994 2471 a
1011 2444 1059 2476 Ν.
1087 2432 1175 2471 430
1204 2444 1339 2484 usque
1364 2432 1417 2472 ad
1444 2447 1482 2473 v.
1505 2436 1588 2475 441

293 2532 465 2575 Cleonis
522 2532 752 2574 insolentia
803 2545 901 2573 cum
950 2531 1065 2573 venti
1115 2531 1377 2574 vehementis
1421 2534 1591 2577 flatibus

1418 2626 1447 2665 4
