1920 2893
940 128 996 166 36

318 287 405 316 non
433 273 508 316 diu
541 276 808 332 corruptelae
842 276 962 333 origo
996 276 1170 328 latebit,
1203 278 1240 320 si
1268 282 1499 333 utrumque
1529 292 1620 321 voc.

313 375 527 428 στόλισμοι
581 383 624 421 et
666 376 858 429 ὅπλισμα
906 379 1124 434 quadrafis
1170 379 1326 422 litteris
1371 378 1619 422 exaraveris.

320 476 395 519 Sic
429 492 530 533 ergo
567 493 712 522 versus
748 477 995 521 scribendos
1034 493 1126 522 esse
1159 493 1338 522 censeoz

407 577 539 619 ἄλλαι
575 577 618 619 δὲ
659 576 910 630 κάμακας
943 579 1121 633 Θρῃκίοις
1154 580 1376 632 hebuzeum,

409 677 566 728 γυμνόν
603 679 650 729 μ’
681 677 829 728 ἔθηκαν
872 679 1155 732 διπτύχων
1205 678 1587 729 ὁπλίσμοιτων,

363 778 449 820 Sed
469 784 597 822 erunt
616 780 822 830 fortasse,
844 780 961 832 haud
975 780 1064 822 seio
1084 795 1140 822 an
1158 779 1333 829 merito,
1350 778 1504 833 quibus
1530 791 1624 819 eor-

317 878 453 920 rectio
490 892 515 920 a
551 892 621 921 me
647 878 863 934 proposita
889 878 1018 920 nimis
1043 879 1233 922 violenta
1258 893 1495 935 parumque
1523 892 1622 934 pro-

318 978 472 1020 babilis
500 978 713 1029 videatur,
745 978 940 1034 inprimis
968 979 1079 1021 hane
1106 980 1162 1022 ob
1183 994 1376 1031 causam,
1404 979 1520 1035 quod
1545 994 1621 1035 pro

319 1081 450 1135 genie.
478 1081 635 1136 singul.
661 1081 887 1135 utriusque
914 1095 1005 1124 voc.
1031 1081 1183 1137 plural.
1203 1082 1479 1137 reposuerim.
1500 1068 1624 1124 'Utut

320 1185 409 1232 est,
450 1181 578 1223 aliam
623 1181 752 1223 etiam
765 1212 779 1240 ξ
823 1195 938 1236 quae·
978 1180 1085 1221 mihi
1134 1195 1180 1223 se
1217 1182 1397 1232 obtulit,
1436 1182 1624 1236 proferre

315 1280 460 1330 lubet,
496 1280 813 1330 coniecturam,
849 1283 1002 1334 utpote
1028 1294 1141 1335 quae
1175 1295 1201 1321 a
1232 1285 1381 1322 nostro
1405 1280 1501 1322 loco
1534 1295 1623 1323 non

319 1395 492 1435 prorsus
518 1380 658 1422 ah'ena
687 1378 907 1428 videatur,
938 1383 1089 1420 contra
1110 1379 1250 1420 multa
1269 1379 1445 1430 habeat,
1470 1380 1625 1434 quibus

320 1497 366 1527 se
386 1480 672 1526 commendat.
704 1479 834 1523 Verb.
860 1483 925 1522 est
946 1478 1257 1533 στοχάζεσθαι,
1276 1479 1392 1523 unde
1410 1479 1626 1524 derivatur

323 1584 459 1626 subst.
488 1581 582 1624 στό
593 1596 817 1634 zoco-poa,
854 1579 972 1635 quod
996 1580 1166 1635 proprie
1195 1579 1407 1634 signifieat
1437 1580 1506 1631 idgv
1538 1595 1623 1636 quo

323 1683 377 1724 ad
407 1696 584 1737 scopum
603 1680 871 1729 collimatur‚
903 1679 1058 1722 deinde
1091 1679 1204 1721 valet
1230 1680 1425 1730 iaculum,
1456 1681 1623 1730 mis-sile,

322 1797 409 1838 quo
457 1782 567 1824 feras
615 1781 816 1836 petimus.
879 1779 1046 1821 Unicus
1084 1784 1258 1822 tantum
1288 1779 1396 1821 mih-i
1431 1779 1624 1822 innotuit

321 1883 465 1932 loeus,
508 1881 585 1923 ubi
625 1880 708 1936 hoc
748 1893 839 1922 voe.
883 1878 1088 1921 occurrit:
1140 1893 1234 1920 mm.
1284 1878 1440 1921 Bacch.
1486 1881 1624 1931 1205,

323 1983 494 2037 Agave,
536 2000 558 2020 υ
569 1981 797 2037 praedam,
831 1980 999 2035 inquit,
1039 1980 1216 2035 cepimis
1254 1981 1326 2022 οὐκ
1361 1981 1622 2032 ἆγκυλωτοῖς

331 2100 350 2119 υ
364 2085 591 2124 Θεσσαλῶν
620 2080 1014 2134 στοχάσμασιν”
1034 2095 1072 2121 κ.
1091 2080 1211 2131 τ.ἓ.,·
1239 2094 1262 2122 e
1293 2094 1378 2134 quo
1405 2080 1502 2123 loco
1520 2095 1624 2124 con-

323 2188 433 2233 stat,
477 2182 714 2236 στόχασμοι
769 2181 822 2223 de
864 2180 962 2223 telis
1006 2179 1238 2222 venatoriis
1288 2179 1494 2236 usurpari.
1555 2179 1625 2224 De

324 2285 479 2339 quibus
507 2284 555 2324 in
584 2283 790 2324 Hecubae
814 2296 987 2337 quoque
1008 2282 1105 2323 loeo
1130 2296 1269 2324 sermo
1296 2282 1417 2323 iniiei
1441 2282 1624 2324 videtur.

320 2384 593 2440 Polymestor
637 2382 771 2432 enim,
811 2381 1173 2437 quemadmodum
1207 2396 1258 2424 ex
1288 2382 1510 2438 praeeedd.
1549 2398 1624 2438 pa-

319 2491 384 2529 tet
418 2489 471 2541 (v.
499 2486 587 2527 963
622 2486 756 2540 seq),
790 2483 837 2525 in
869 2482 1022 2525 mediis
1053 2483 1261 2525 Thraciae
1292 2484 1513 2526 montibus
1550 2483 1623 2527 de-

315 2601 418 2641 gens
454 2586 626 2636 aberat,
658 2599 790 2640 quum
824 2584 1031 2627 Hecubae
1065 2583 1221 2635 ancilla
1247 2598 1369 2634 eum,
1401 2583 1622 2627 dominam
