1920 2893
877 101 968 148 ,24

287 251 342 304 β,
375 267 420 302 γ,
456 251 479 294 δ
507 255 715 307 sequente
742 266 761 305 ρ
775 283 788 300 ,
816 251 1025 308 syllabam
1050 250 1220 294 brevem
1243 254 1449 308 perpetuo
1473 250 1591 294 clau-

290 352 464 394 dere-in
487 353 590 394 thesi
618 352 733 408 apud
761 352 976 407 Tragicos.
1032 351 1112 394 Cff.
1143 365 1290 394 Aescu.
1312 351 1448 403 Eum.
1480 351 1592 402 370,-

291 453 484 508 Choeph.
509 455 595 495 726
606 470 619 504 ,-
645 455 762 507 Sept.
783 453 854 493 96.
895 454 1059 495 Contra
1084 453 1336 508 producitur
1351 453 1469 495 Pers.
1489 452 1590 493 441.

409 715 568 774 Aescu.
600 714 793 769 Choeph.
826 716 913 758 649
947 729 1062 769 seqq.
1103 715 1207 769 (640
1243 727 1359 768 seqq.
1395 714 1471 767 H.)
1530 773 1534 777 ‚

557 844 696 886 τέκνον
730 844 764 886 δ’
795 844 1032 898 ἐπεισφέρει
1072 844 1297 896 δώμασιν

558 933 750 986 αἱμάτων
783 933 1059 986 παλαιτέρων.
1094 932 1218 975 τίνει
1249 931 1378 983 μύσος

556 1021 688 1077 χρόνῳ
716 1023 847 1071 κλυτὴ
878 1022 1126 1077 βυσσόφρων
1155 1022 1326 1076 Ἐρινύς.

354 1155 460 1198 Cod2
481 1154 640 1198 Medic.
672 1155 844 1199 exhibet
881 1155 1131 1198 lectionem:
1162 1154 1300 1196 τέκνον
1329 1152 1596 1207 δ’ἒπεσφέρει

293 1255 478 1307 διμασε
540 1253 740 1306 δωμάτων
782 1254 1057 1308 παλαιτέρων.
1146 1253 1275 1297 Unde
1323 1269 1598 1306 HERMAMUS,

293 1358 479 1399 aliorum
509 1371 681 1412 quoque
712 1356 884 1398 adscitis
915 1356 1310 1407 emendationibus,
1340 1356 1468 1399 hosce
1498 1354 1597 1398 effe-

296 1457 356 1499 cit
389 1470 559 1499 versus:

483 1555 620 1597 τέκνον
652 1555 686 1597 δ’
711 1555 944 1609 ἐπεισφέρει
979 1555 1251 1606 δόμοισιν,
1285 1555 1341 1597 ἐκ
1367 1555 1401 1597 δ’

474 1653 667 1705 αἱμάτων
698 1654 960 1706 παλαιτέρων
984 1655 1083 1697 τίνει
1113 1654 1243 1706 μύσος

474 1753 604 1808 χρόνῳ
641 1754 778 1796 κλυτὰ
816 1754 1063 1809 βυσσόφρων
1102 1755 1274 1808 Ἐρινύς.

359 1856 637 1909 Quamquam
671 1855 816 1897 omnia
853 1855 914 1896 sic
950 1859 1065 1897 reete
1095 1855 1330 1909 quadrant,
1360 1860 1507 1898 tamen
1537 1857 1602 1898 in-

299 1959 446 2010 specto
483 1953 699 2009 strophico
744 1968 867 1995 versu
910 1955 995 1994 641
1030 1955 1132 2009 (631
1171 1956 1277 2009 Η.),
1308 1956 1605 2011 antistrophiei

300 2055 507 2098 correctio
518 2086 533 2106 ,
570 2058 621 2097 ut
659 2054 767 2096 mihi
808 2054 983 2109 quidem
1026 2054 1211 2106 videtur,
1248 2055 1480 2110 probabilis
1520 2057 1605 2100 dici

302 2170 394 2198 non
430 2159 586 2211 potest.
647 2154 843 2196 Primum
870 2154 985 2197 enim
1017 2169 1055 2197 v.
1085 2155 1171 2196 641
1203 2169 1395 2212 praepos.
1422 2156 1530 2208 διαί,
1559 2158 1606 2199 ni

303 2257 456 2308 fallor,
483 2255 674 2300 abundat
699 2259 799 2298 ante
829 2254 976 2303 Δίκας.
1041 2256 1281 2299 Scholiasta
1307 2260 1461 2312 poetae
1480 2257 1608 2300 verba

303 2356 511 2412 explieat:
554 2357 600 2398 τὸ
639 2355 680 2397 δὲ
714 2355 835 2409 ξίφος
864 2360 939 2404 τῆς
972 2355 1100 2406 Δίκης
1134 2357 1180 2399 τὸ
1214 2356 1312 2409 ἔχον
1344 2359 1508 2410 πικρίαν
1534 2360 1606 2401 ἆν-

307 2457 422 2510 τικρὺ
457 2457 524 2500 διὰ
559 2454 792 2508 πνευμόνων
822 2456 955 2511 ὁρμᾷ,
996 2457 1111 2500 unde
1143 2463 1318 2514 apparet
1340 2473 1438 2501 eum
1463 2474 1604 2516 praep.

302 2560 384 2604 διαὶ
429 2558 542 2615 apud
582 2573 829 2603 Aascmrmm
862 2573 952 2601 non
996 2558 1162 2615 legisse.
1222 2559 1452 2622 Jungenda
1481 2566 1604 2606 sunt:
