1920 2893
940 111 995 151 10

314 275 404 304 esse
432 258 555 312 ἅπαξ
581 260 813 314 εἰρημένον,
844 260 961 317 quod
990 260 1085 304 vitii
1119 259 1295 304 latentis
1324 258 1612 315 suspicionem

311 359 436 404 valde
468 360 706 404 confirmat.
768 359 1034 403 Medicinam
1069 360 1294 416 quaerenti
1322 360 1429 402 mihi
1458 373 1508 402 se
1538 360 1614 409 ob·

311 461 416 505 tulit
448 474 567 512 voc.‚
597 461 714 518 quod
745 460 876 503 semel
904 460 1148 517 iterumque
1174 461 1290 517 apud
1311 463 1483 517 politam
1512 474 1613 503 nos-

311 565 428 603 trum
470 560 655 603 occurrit
699 574 841 617 neque
873 560 928 604 ab
960 561 1043 604 hoc
1074 561 1172 606 loco
1209 562 1400 606 alienum
1431 561 1612 605 videtur.

313 661 534 703 Nimirum
559 674 652 703 voc.
683 661 836 714 μηρὸς
867 661 991 714 volo,
1022 676 1108 718 quo
1139 675 1233 718 pars
1266 663 1455 718 corporis
1483 662 1615 718 signi-

313 765 465 806 ficatur
500 764 718 813 Menelai,
749 777 879 819 quam
910 738 1068 818 sagitta
1095 763 1365 806 transfixerat
1374 780 1387 815 ,-
1419 763 1536 819 quod
1568 764 1616 805 in

312 862 626 919 praecedentib.
666 863 767 906 inde
796 878 821 905 a
852 879 890 905 v.
930 865 1165 906 132—147
1198 863 1425 906 manifeste
1453 864 1618 906 indica-

312 967 398 1007 tur.
459 964 609 1019 Ipsum
632 978 723 1007 voc.
765 977 945 1006 numero
984 963 1141 1019 plurali
1169 967 1401 1019 usurpatur
1433 979 1470 1006 v,
1510 965 1594 1006 146
1604 995 1620 1015 ,

312 1078 389 1119 pro
426 1064 657 1118 singulari,
687 1068 738 1107 ut
769 1065 1005 1108 sexcenties
1036 1064 1149 1121 apud
1181 1078 1402 1108 nomnium.
1466 1065 1617 1109 Simile

314 1164 470 1206 vulnus
503 1164 687 1206 infertur
718 1165 772 1206 11.
807 1167 874 1206 11.
904 1167 992 1207 810
1017 1180 1134 1221 seqq.
1197 1166 1303 1209 Voc.
1339 1169 1470 1219 νεῦρον
1502 1166 1618 1209 facili

314 1265 488 1320 negotio
520 1279 597 1320 pro
641 1266 828 1320 genuino
865 1266 989 1318 μηρὸν
1028 1266 1075 1307 in
1106 1269 1272 1308 textum
1304 1267 1490 1320 irrepere
1522 1270 1618 1320 pot-

316 1336 456 1415 uisse,
486 1365 523 1407 si
553 1364 608 1407 ad
639 1365 836 1420 exiguam
864 1366 978 1408 inter
998 1370 1231 1422 utrumque
1255 1380 1345 1409 voc.
1374 1362 1618 1421 ‘scripturae

316 1464 645 1521 discrepantiam
680 1464 825 1507 oculos
865 1464 1115 1516 adverteris,
1146 1465 1293 1508 statim
1330 1458 1563 1521 apparebit.

816 1674 898 1715 Od.
931 1677 971 1715 8.
1005 1677 1104 1716 359.

401 1801 492 1848 ‘⁸129
526 1801 684 1844 Fsmeou
698 1834 710 1849 ‚
744 1801 767 1843 δ
777 1817 795 1843 ε
806 1818 830 1842 ο·
843 1817 876 1852 μ
889 1805 915 1843 ὦ
927 1818 945 1843 ν
980 1801 1082 1843 ἀνίει
1114 1802 1232 1853 μένος
1264 1804 1524 1856 Ἡφαίστοιο.

378 1965 521 2006 Locus
552 1964 719 2006 duobus
748 1963 863 2005 vitiis
887 1963 1085 2005 laborans
1115 1962 1373 2005 medicinam
1403 1964 1618 2020 efflagitat.

319 2065 415 2107 Iam
452 2064 638 2119 primum
676 2063 866 2106 locutio:
899 2064 1058 2114 δεσμῶν
1097 2063 1254 2105 ἀνεῖναι
1285 2064 1401 2106 haud
1440 2065 1527 2107 scio
1567 2080 1623 2108 an

317 2167 435 2206 recte
473 2176 566 2205 sese
611 2161 780 2205 habeat.
841 2163 1032 2206 Vertunt
1080 2162 1279 2218 quidem:
1325 2164 1497 2205 vinculis
1528 2164 1623 2206 libe-

320 2277 440 2315 rare,
482 2263 557 2307 sed
599 2257 685 2319 quo
726 2263 820 2306 iure
857 2263 1063 2319 quibusve
1102 2263 1186 2306 nisi
1229 2263 1487 2307 testimoniis
1535 2278 1624 2307 non

319 2363 471 2419 liquet.
545 2365 656 2406 Nec‘
693 2364 872 2406 mirum:
922 2364 1074 2407 similis
1132 2364 1246 2406 enim
1294 2364 1624 2407 constructionis

322 2464 592 2520 exemplum,
628 2463 705 2506 ubi
741 2463 854 2506 verb.
887 2463 1044 2506 ἀνεῖναι
1081 2463 1278 2506 iunctum
1313 2467 1378 2506 est
1415 2464 1623 2518 genitivo,

324 2565 399 2619 qui
441 2564 495 2606 ab
540 2563 622 2605 hoc
661 2563 789 2606 verbo
827 2563 1014 2617 regitur,
1060 2577 1201 2618 neque
1238 2562 1351 2618 apud
1394 2577 1625 2612 nonnum,
