1920 2893
942 152 997 190 56

908 303 1032 346 XIV.

385 396 497 440 Ibid.
533 402 647 444 1158
678 418 792 458 seqq.
826 404 886 446 sic
916 408 1226 451 constituendi:

645 499 725 570 ρῖος
757 504 845 554 ἐμοὶ
879 506 1081 559 τρέφεται

648 604 776 645 τοῖσδ’
806 605 860 646 ἐνὶ
894 606 1054 657 δώμασι
1087 613 1211 655 παῖς,

709 704 900 757 ἀμφήκει
933 707 1103 759 γλώττῃ

649 802 830 854 λάμπων
866 805 1065 857 πρόβολος
1104 809 1145 848 ε’-

648 903 745 954 μός,
779 905 910 957 σωτὴρ
941 904 1077 956 δόμοις

698 995 945 1056 ἐχθροῖσι
978 1005 1148 1056 βλάβη.

321 1109 363 1145 ct
397 1105 508 1144 1165
542 1119 682 1159 seqq.:

724 1205 751 1247 ὦ
784 1207 944 1255 τέκνον,
979 1206 1006 1249 ὦ
1040 1215 1123 1250 ποεῖ
1151 1209 1216 1259 ἔξ-

724 1306 822 1356 ελθ’,
856 1283 986 1358 ἔξελθ’
1018 1307 1147 1349 οἴκων·

728 1406 793 1449 ἄϊε
826 1411 897 1449 σοῦ
931 1407 1100 1459 πατρός.

324 1510 388 1550 Cf.
430 1509 531 1551 Eur.
567 1509 673 1551 Hec.
711 1509 795 1549 172
826 1522 942 1563 seqq.

930 1608 1028 1650 XV.

382 1707 581 1749 Nimium
614 1706 695 1749 sibi
727 1706 881 1748 sumsit
909 1706 1160 1748 Mazochius
1191 1721 1325 1762 quum
1359 1706 1562 1750 scriberet
1587 1707 1633 1749 in

325 1808 500 1850 Tabulis
532 1807 892 1849 Heracleensibus
931 1820 1025 1860 pag.
1055 1808 1093 1847 7.
1141 1824 1163 1845 a
1178 1807 1382 1849 Criticam
1413 1808 1635 1851 nationem

305 1921 419 1968 ,sese
458 1906 637 1962 posthac
682 1905 728 1946 in
774 1904 1105 1960 Epigrammatis
1150 1905 1244 1948 istis
1295 1907 1536 1950 excruciare
1586 1913 1636 1949 ut

331 2007 508 2063 ingenio
553 2021 632 2048 suo
673 2004 912 2062 procudant
951 2005 1157 2049 lectiones
1202 2006 1332 2057 alias,
1369 2021 1499 2062 quam
1534 2022 1638 2063 quas

334 2109 404 2150 hic
431 2107 618 2154 habent,
653 2106 795 2148 veto.''
834 2107 1036 2160 Namque
1065 2105 1298 2148 absurdum
1325 2110 1389 2149 est
1409 2105 1526 2162 quod
1549 2105 1639 2149 edi-
1681 2161 1687 2168 „

336 2209 400 2251 dit
450 2208 496 2249 in
545 2207 710 2250 Tabula
754 2206 896 2262 priore
930 2210 1037 2261 part.
1073 2221 1119 2248 11.
1159 2221 1219 2248 vs.
1261 2208 1331 2248 87.
1378 2205 1401 2248 ὅ
1435 2222 1474 2249 τι
1507 2207 1549 2249 δέ
1583 2223 1639 2250 κα

334 2310 487 2353 τούτων
533 2325 572 2351 τι
615 2308 832 2357 ποιήσωντι
872 2307 956 2359 πὰρ
1004 2306 1081 2349 τὰν
1132 2306 1332 2356 συνθήκαν
1376 2306 1436 2348 τοὶ
1493 2316 1640 2350 πολιαι-

337 2410 447 2464 νόμοι
478 2410 537 2453 τοὶ
570 2411 641 2457 αἰὲς
677 2409 743 2452 ἐπὶ
772 2412 828 2451 τῶ
851 2408 999 2455 Ρέτεος
1031 2411 1548 2450 EIIIKATABANONTI
1571 2407 1641 2451 xx}

338 2512 600 2567 ζκμιώσοντι.
664 2510 922 2553 Portentosa
960 2513 1062 2551 sunt
1099 2522 1210 2563 quae
1239 2507 1386 2550 scribit
1414 2521 1509 2563 pag.
1534 2509 1641 2549 224:

343 2631 363 2650 υ
379 2613 591 2654 Futurum
620 2615 741 2654 vetus
770 2610 963 2665 regulare
996 2609 1225 2660 καταιβανῶ
1258 2623 1335 2665 pro
1365 2608 1645 2661 καταβήσω.”
