1920 2893
947 121 1001 163 12

401 270 494 319 “124
528 271 687 314 Ρειπὼν
719 271 905 324 δεσμόν
939 272 1104 316 Γόὶνίει
1136 272 1255 324 μένος
1288 251 1547 328 Ἡφαίστοιο.

380 371 545 414 Similis
578 372 767 423 locutio,
805 372 881 414 ubi
919 373 1033 416 verb.
1067 374 1223 415 ἀνεῖναι
1258 372 1419 429 duplici
1451 384 1620 415 aecusa-

318 471 409 514 tivo
439 472 657 527 iungitur,
687 472 872 516 occurrit
900 473 954 515 11.
991 474 1059 514 15.
1092 474 1152 515 24
1179 486 1291 527 seq.:

817 573 891 624 ἐμὲ
923 572 958 615 δ’
987 546 1069 615 οὐδ’
1100 571 1158 619 ὣς
1183 573 1307 624 θυμὸν
1338 570 1440 614 ἀνίει

465 671 632 725 ἀζηχὴς
665 672 781 722 ὀδύνη
814 675 1044 726 Ἡρακλῆος
1075 671 1203 714 θείοιο.

869 892 1116 899 ———

541 1065 1048 1112 ANfflADVERSIONEs
1077 1066 1398 1113 NONNULLAE

946 1220 984 1248 IN

472 1344 509 1385 H
519 1341 556 1385 Ο
567 1343 605 1386 Μ
617 1343 649 1386 Ε
658 1343 695 1386 R
707 1343 726 1385 1
773 1344 939 1388 HYMN.
988 1345 1044 1387 IN
1089 1343 1447 1389 APHRODITEN.

373 1668 479 1710 Post
526 1681 782 1718 nummum,
826 1681 1083 1718 numum,
1118 1682 1279 1710 mamm
1310 1673 1353 1710 et
1388 1682 1606 1710 nmummu
1674 1719 1679 1725 ¹

309 1770 357 1810 in
385 1768 500 1811 hunc
527 1768 738 1824 hymnum
769 1781 891 1810 curas
925 1772 969 1810 et
1001 1768 1322 1812 emendationes
1336 1801 1348 1820 ‚
1389 1769 1609 1825 complura

312 1870 443 1914 etiam
472 1873 638 1913 roetant
669 1867 1046 1911 animadvertenda
1080 1873 1123 1911 et
1153 1883 1177 1911 e
1204 1873 1320 1911 certa
1352 1870 1495 1924 epicae
1524 1871 1611 1913 lin-

311 1984 420 2024 guae
448 1969 617 2012 ratione
648 1973 691 2011 et
718 1983 801 2010 usu
830 1967 1091 2023 corrigenda.

367 2070 424 2110 In
463 2074 610 2111 annot.
644 2068 698 2110 ad
733 2084 771 2110 v.
809 2070 867 2110 86
899 2083 1174 2118 mutunus,
1204 2073 1432 2124 postquam
1461 2069 1514 2112 de
1544 2069 1608 2111 di-

308 2173 523 2226 gammate
558 2183 672 2212 voce.
713 2167 762 2211 ἕω
799 2167 970 2224 (ἕννυμι)
1013 2174 1057 2211 et
1094 2167 1210 2221 ἔργον
1242 2168 1380 2211 multa
1414 2168 1605 2224 disputa-

305 2271 388 2322 vit,
428 2270 483 2313 ad
523 2270 670 2326 hymn.
705 2269 752 2310 in
782 2268 973 2324 Aphrod.
1004 2267 1141 2319 redit,
1187 2282 1315 2323 quem
1357 2268 1603 2323 antiquissi-

305 2385 425 2414 mum
464 2373 507 2413 et
551 2368 745 2411 omnium
786 2368 964 2411 minime
996 2372 1246 2424 corruptum
1278 2368 1371 2410 iure
1402 2368 1599 2424 appellat.

310 2474 411 2516 nAc
438 2471 616 2515 sublatis
646 2470 785 2522 vitiis,
815 2470 975 2527 inquit,
1006 2486 1043 2513 v.
1077 2472 1181 2522 148,
1215 2472 1324 2521 182,
1358 2472 1462 2522 195,
1491 2472 1602 2521 204,

308 2575 392 2617 ahi
421 2577 592 2617 tantum
625 2573 709 2616 loci
742 2576 992 2627 supersunt,
1024 2571 1077 2614 de
1109 2570 1264 2626 quibus
1295 2569 1480 2613 dubitari
1505 2584 1604 2626 pos·
