1920 2893
913 105 971 147 26

287 258 473 303 coniecit
509 257 783 302 scribendum
821 264 906 313 τοῖς
949 258 1095 311 ξένοις,
1139 274 1268 315 quam
1303 259 1596 303 coniecturam

287 361 333 402 in
363 365 534 404 textum
552 362 727 418 ,recepit
757 375 1020 412 nnn-usurus.
1082 360 1316 417 vulgatam
1344 361 1500 406 mendo
1530 362 1593 405 la-

286 462 440 507 borare
493 463 601 506 mihi
645 467 790 520 patere
825 461 996 505 videtur
1039 477 1063 506 e
1105 478 1142 506 v.
1179 464 1289 515 716„
1331 463 1407 507 ubi
1444 464 1593 520 regina

287 565 546 621 Aegisthum
566 564 620 607 de
649 564 814 608 Orestis
843 562 973 608 caede
1004 564 1232 607 certiorem
1252 580 1299 609 se
1332 580 1423 609 esse
1456 566 1594 609 factu-

286 678 378 706 ram
426 662 531 705 dicit
567 663 836 719 hospitibus,
876 663 994 707 unde
1029 663 1238 706 conficere
1270 663 1372 706 licet
1408 669 1460 718 τῇ
1496 678 1595 716 κρικ-

232 755 235 756 ⁷
286 763 412 818 τούσῃ
448 764 495 805 in
533 763 679 806 animo
709 779 799 806 non
827 764 985 815 fuisse,
1016 764 1204 821 hospites
1240 764 1307 807 vel
1337 764 1595 819 Aegisthum

286 863 459 915 iubere,
480 868 532 906 ut
561 864 815 906 advocarent.
876 864 1033 922 Neque
1066 863 1312 906 coniectura
1343 864 1596 914 Pauwiana,

287 965 339 1004 ut
383 975 498 1011 nunc
542 960 720 1015 quidem
764 961 885 1003 locus
934 960 1185 1012 exhibetur,
1232 961 1369 1004 ullum
1418 962 1595 1017 praebet

287 1060 511 1102 auxilium.
575 1061 661 1104 Res
701 1061 842 1111 enim,
877 1062 914 1102 si
952 1066 1067 1104 recte
1107 1061 1257 1112 video,
1293 1062 1354 1105 sic
1390 1077 1482 1106 sese
1522 1063 1599 1106 ha-

287 1160 374 1203 bet.
437 1160 604 1215 Regina
648 1162 862 1204 nutricem
905 1162 1061 1213 mittit,
1096 1178 1205 1218 quae
1246 1162 1505 1219 Aegisthum
1542 1165 1598 1207 ad

286 1260 554 1315 colloquium
601 1275 701 1303 cum
750 1262 992 1317 hospitibus
1037 1263 1264 1306 advocaret
1276 1280 1289 1315 ,·
1332 1278 1442 1319 quae
1475 1266 1597 1309 nullo

287 1361 420 1404 modo
455 1375 479 1404 e
514 1362 690 1416 vulgata
724 1362 819 1406 elici
857 1367 1052 1418 possunt.
1112 1364 1284 1406 Vitium
1319 1365 1427 1407 mihi
1466 1366 1600 1409 latere

286 1461 456 1503 videtur
486 1462 533 1503 in
568 1462 697 1504 verbo
729 1467 896 1514 καλεῖν,
928 1463 1045 1518 quod
1075 1468 1325 1519 corruptum
1358 1468 1423 1507 est
1458 1470 1501 1507 et
1529 1465 1597 1507 in-

289 1561 566 1617 terpretibus,
609 1561 655 1604 in
689 1561 776 1603 loci
818 1575 948 1605 sensu
985 1561 1236 1616 explicando
1280 1563 1438 1604 frustra
1479 1563 1599 1606 labo-

288 1662 510 1712 rantibus,
548 1661 721 1716 negotia
752 1661 925 1704 facessit
952 1663 1004 1716 ¹).
1066 1662 1162 1705 Iam
1195 1677 1344 1706 omnes
1375 1663 1484 1706 istae
1516 1664 1599 1706 dif-

288 1762 501 1803 ficultates
535 1762 771 1811 tolluntur,
791 1761 827 1802 si
855 1776 932 1816 pro
958 1767 1103 1804 καλεῖν
1132 1762 1370 1804 restitueris
1400 1768 1598 1813 μολεῖν.

291 1864 452 1905 Sensus
491 1877 582 1904 non
616 1861 802 1916 ,amplius
837 1861 1043 1904 obscurus
1085 1867 1174 1912 est,
1204 1863 1280 1904 sed
1311 1863 1421 1904 bene
1454 1877 1602 1917 proce·

291 1963 368 2006 dit.
429 1963 551 2006 Dicit
595 1963 709 2006 enim
743 1962 913 2004 nutrix:
959 1979 981 2001 n
994 1962 1161 2018 Regina
1193 1962 1450 2018 Aegisthum
1480 1963 1601 2007 iubet

293 2082 315 2103 n
325 2079 456 2120 quam
500 2063 722 2106 celerrime
763 2062 954 2119 hospites
1000 2063 1272 2106 convenire.'’
1314 2068 1396 2107 cet.
1468 2064 1600 2108 Quod

290 2165 569 2220 sequentibus
605 2164 736 2207 etiam
775 2164 1066 2206 confirmatur.
1127 2166 1182 2206 V.
1217 2166 1302 2206 766
1337 2166 1492 2208 chorus
1530 2181 1600 2210 ro-

289 2272 383 2322 gat:
426 2270 512 2313 πῶς
552 2262 618 2308 οὖν
657 2264 817 2307 κελεύει
849 2281 905 2307 νιν
936 2270 1133 2317 μολεῖν
1168 2265 1450 2318 ἕσταιλμένονς
1489 2281 1599 2322 quae

291 2363 421 2408 verba
440 2378 538 2407 cum
557 2362 736 2406 nutricis
761 2363 886 2406 dictis
909 2363 1077 2420 egregie
1095 2364 1355 2421 conspirant.
1386 2365 1595 2423 Exempla

335 2583 360 2628 ¹)
387 2583 465 2618 Vid.
484 2592 698 2619 nnnumws
722 2585 757 2618 in
781 2589 894 2619 annot.
915 2584 957 2619 ad
980 2586 1014 2619 h.
1031 2595 1063 2620 v.
