1920 2893
851 82 909 123 23

227 233 406 292 iegitur:
448 237 622 288 ἀκμαῖοι
664 235 805 290 φύσιν.
867 236 1069 287 Ceterum
1097 233 1360 277 locutiones:
1401 229 1523 285 χερὸς

223 336 372 389 ἀκμαί,
415 336 534 383 ποδὸς
576 336 697 388 dupe&
736 350 814 391 pro
850 334 943 388 χεὶρ
983 332 1260 388 ἀκμάζουσαι,
1295 337 1376 375 cet.
1408 330 1523 387 apud

224 436 426 491 Tragicos
454 435 630 487 obviae,
662 436 911 480 notissimae
937 440 1051 479 sunt.
1100 434 1171 477 Sic
1200 433 1254 476 de
1280 432 1380 476 viris
1410 430 1524 486 apud

227 550 435 578 nominum
469 541 699 592 usurpatur
727 551 816 580 voc.
851 535 950 588 βίη,
985 533 1346 591 quemadmodum
1373 536 1520 575 nostro

223 637 320 681 loco
350 638 466 690 ἀκμὴ
505 638 558 681 de
595 639 936 694 Clytaemnestra
977 640 1029 693 ¹).
1077 637 1245 680 Quibus
1281 634 1519 678 rationibus

226 737 435 780 adductus
467 738 649 780 arbitror
679 738 807 780 verba
838 737 1032 789 γυναικὸς
1067 737 1188 791 ἀκμᾷ
1219 736 1362 789 πρέπει
1389 734 1521 790 signi-

223 837 372 879 ficare:
414 837 493 879 Est
520 838 754 880 secundum
789 838 979 881 mulieris
1011 838 1204 888 indolem,
1234 850 1336 891 quae
1363 837 1421 877 ad
1453 849 1520 876 ae-

220 938 320 978 tatis
345 951 543 978 summum
557 939 706 992 florem
723 941 954 993 pervenerit
962 959 979 989 ,·
1007 938 1127 995 quod
1149 938 1317 995 poe'tice
1345 936 1521 981 effatum

223 1052 320 1093 pro:
352 1038 516 1090 γυνκικὶ
542 1038 787 1094 ἄκμζκζούσῃ
816 1039 978 1093 πρέπει.
1039 1041 1235 1084 Eandem
1261 1040 1520 1083 sententiam

221 1137 429 1194 expressit
460 1154 696 1183 nesciinus
730 1142 771 1182 h.
799 1141 884 1184 fab.
919 1156 956 1183 v.
979 1144 1065 1183 592
1075 1173 1089 1192 ,
1120 1142 1195 1183 ubi
1225 1120 1519 1196 Clytaemnes-

221 1242 512 1296 trambhaecce
538 1242 751 1285 dicentem
771 1243 895 1285 facit:
928 1240 952 1291 ἧ
973 1242 1111 1295 κάρτα
1130 1244 1247 1295 πρὸς
1271 1242 1518 1293 γυναικὸς

221 1341 403 1395 αἴρεσθαι
425 1341 537 1394 κέαρ.
600 1342 738 1384 Poeta
755 1347 900 1385 autem
930 1341 1047 1384 hisce
1073 1341 1264 1384 versibus
1291 1341 1521 1383 mulierum

218 1442 356 1496 carpit
404 1442 690 1483 temeritatem
739 1446 782 1483 et
836 1441 1131 1483 credulitatem
1140 1472 1154 1491 ,
1203 1441 1362 1496 quippe
1410 1456 1520 1496 quae

219 1541 472 1597 plerumque
503 1555 580 1596 pro
610 1541 736 1583 certis
769 1541 1004 1597 accipiant,
1040 1555 1148 1596 quae
1181 1541 1311 1584 dubia
1343 1547 1445 1584 sunt
1477 1547 1520 1584 et

220 1642 373 1691 ἄδηλοι.
437 1643 568 1685 Quod
607 1643 763 1685 attinet
799 1642 854 1684 ad
890 1641 1176 1697 quantitatem
1211 1643 1253 1684 h.
1292 1657 1380 1685 voc.
1412 1657 1516 1698 pen—

218 1743 359 1787 ultim.
405 1743 553 1799 syllab.
569 1775 581 1793 ,
629 1742 1054 1785 animadvertendum
1096 1747 1161 1785 est
1203 1757 1296 1785 eam
1337 1744 1515 1799 produci

215 1843 263 1885 in
299 1844 385 1884 arsi
414 1841 650 1884 secundum
684 1840 876 1896 regulam
907 1856 932 1883 a
959 1855 1136 1884 nmmo
1168 1842 1221 1884 de
1252 1843 1393 1898 priore
1425 1843 1516 1885 Da-

216 1943 400 1986 wesiano
441 1956 605 1984 canone
637 1942 916 1984 constitutam
954 1944 1017 1997 ²),
1054 1956 1165 1996 quae
1202 1942 1352 1994 docet,
1388 1959 1512 1987 voca-

214 2044 301 2087 lem
338 2043 494 2086 brevem
537 2046 638 2085 ante
672 2045 807 2084 tenues
838 2057 896 2089 π,
933 2057 981 2094 κ,
1014 2057 1040 2083 τ
1079 2042 1147 2085 vel
1180 2043 1413 2099 adspiratas
1448 2048 1508 2099 φ,

213 2161 274 2199 χ,
311 2146 330 2188 θ
345 2176 359 2196 ,
396 2149 602 2210 sequente
638 2145 780 2200 quavis
816 2143 997 2199 liquida,
1040 2147 1091 2185 ut
1135 2146 1179 2185 et
1214 2148 1315 2186 ante
1348 2145 1510 2188 medias

250 2372 276 2415 ¹)
300 2371 488 2413 Αἰγίσθου
515 2368 585 2409 βία
609 2368 750 2401 occurrit
772 2359 922 2409 choepia.
956 2369 1040 2406 893;
1065 2367 1240 2409 opponitur
1265 2370 1391 2412 γῆρας-ε
1412 2367 1512 2402 mr-

205 2433 305 2471 θεως
331 2434 440 2475 γῆρας
471 2431 591 2473 legitur
621 2430 703 2463 Eur.
731 2429 834 2473 Hipp.
870 2432 945 2463 794.
992 2430 1119 2462 Eodem
1147 2428 1303 2468 redeunt,
1334 2439 1419 2472 quae
1444 2431 1511 2463 Ho=

204 2501 297 2538 :nero
320 2492 570 2535 frequentantur
593 2501 682 2524 voce.
707 2490 742 2528 ἲς
760 2495 793 2523 et
816 2491 927 2530 μένος.

252 2550 280 2595 2)
303 2552 479 2586 Invenitur
498 2552 532 2585 in
557 2551 698 2586 Misceu.
720 2551 843 2585 Philol.
869 2556 901 2584 et
923 2550 1068 2592 Paedag.
1091 2561 1166 2584 nov.
1187 2559 1249 2584 ser.
1271 2561 1299 2583 a.
1328 2554 1422 2584 1851ὶ
