1920 2893
929 122 989 161 44

304 269 411 325 quid
449 281 546 314 mea
585 271 666 314 hae
703 271 749 313 in
790 285 837 315 re
880 273 1027 329 opinio
1061 273 1194 323 ferat,
1227 273 1373 329 paucis
1407 273 1607 329 proferre.

302 370 557 415 Secundum
613 376 871 416 memoratas
917 374 1219 429 paraphrastae
1270 349 1611 427 sciioliastaeque

302 471 704 529 interpretationes,
735 486 825 515 voc.
863 472 1122 525 ἀκάρπιστος
1157 477 1272 516 reete
1317 486 1410 516 sese
1455 472 1612 515 habere

302 574 411 616 mihi
446 573 614 616 videtur
643 577 687 616 et
715 573 770 615 ab
796 588 992 615 numum:
1024 587 1075 615 ea
1102 573 1373 628 significandi
1396 577 1609 630 potestate
1670 587 1676 593 ·

299 678 554 728 usurpatum
592 687 709 723 esse,
756 688 865 730 quae
902 689 928 717 a
963 672 1271 717 recentioribus
1303 672 1609 729 interpretibus

298 773 443 815 minus
482 778 548 817 est
583 774 818 818 intellecta.
882 776 1103 819 Nimirum
1133 789 1224 818 voc.
1263 773 1520 828 ἀκάρπιστος
1558 788 1610 817 ex

299 888 397 918 mea
441 875 646 931 opinione
681 876 797 919 idem
833 876 1068 931 signifieat,
1109 877 1228 932 quod
1267 877 1354 918 alio
1399 876 1608 918 adiectivo

297 975 508 1029 ἀθέμιστος
563 976 648 1019 dici
698 980 842 1032 potest
886 977 915 1018 i.
963 991 998 1019 e.
1053 990 1131 1018 non
1157 978 1389 1019 -demessua
1478 976 1610 1020 Πεδίοι

298 1075 545 1129 &mimam
588 1077 723 1132 igitur
771 1082 875 1119 sunt
924 1091 1026 1119 arva
1067 1091 1146 1119 non
1201 1078 1403 1129 demessa,
1448 1091 1610 1134 nequa-

299 1192 431 1232 quam
469 1191 570 1219 vero
604 1164 791 1227 sterilia,
813 1178 920 1238 ¹imo
944 1177 1132 1231 fertilia,
1163 1177 1281 1233 quod
1313 1178 1423 1220 bene
1455 1191 1608 1220 conve-

296 1279 365 1322 nit
401 1279 450 1320 in
492 1278 705 1329 Siciliam,
747 1281 911 1332 gyratam
952 1279 1112 1320 domum
1157 1280 1297 1320 Cereri
1309 1298 1326 1328 ,·
1371 1279 1433 1321 sic
1474 1280 1605 1322 etiam

299 1380 523 1436 epitheton
553 1379 608 1422 ab
636 1384 823 1434 utroque
852 1379 990 1422 nostri
1021 1379 1106 1422 loci
1142 1379 1378 1434 interprete
1410 1379 1604 1422 intellec-

296 1484 389 1522 tum
415 1479 548 1521 fuisse
576 1478 679 1520 inde
703 1482 847 1533 patet,
878 1477 995 1532 quod
1025 1478 1072 1518 in
1098 1492 1177 1520 sua
1207 1479 1390 1533 quisque
1422 1479 1605 1534 explica-

297 1579 418 1622 tione
445 1578 791 1630 πολύκοιρπος
816 1592 893 1634 pro
916 1576 1173 1631 ἀκάρπιστος
1194 1580 1398 1635 posuerit.
1441 1580 1599 1635 Neque

298 1680 505 1731 absurde,
541 1684 647 1736 puto
656 1694 670 1731 ,·
711 1691 847 1734 quum
887 1677 935 1719 in
982 1678 1148 1720 Graeco
1181 1692 1379 1720 sermone
1413 1677 1604 1722 eiusdem

296 1780 520 1835 analogiae
567 1779 754 1834 plurima
802 1782 971 1821 exstent
1011 1778 1246 1828 adiectiva,
1295 1793 1406 1834 quae
1448 1779 1620 1822 allatae·

296 1880 605 1936 significationi
654 1878 833 1921 omnino
883 1878 1025 1920 favere
1076 1878 1288 1921 videntur.
1369 1880 1440 1921 Sic
1488 1895 1527 1921 v.
1566 1895 1601 1922 c.

297 1979 558 2031 ἀκόλαστος,
590 1977 864 2031 ἀγύμναστος
899 1980 1002 2019 sunt
1029 1975 1240 2019 adieetiva
1268 1976 1420 2020 eodem
1449 1977 1604 2029 modo,

298 2095 384 2137 quo
413 2078 698 2133 ἀκάρπιστος,
725 2078 911 2121 formata
921 2093 934 2129 ,-
966 2090 1149 2132 quorum
1180 2077 1242 2120 vis
1274 2077 1500 2121 notissima
1523 2083 1600 2123 est.

295 2180 525 2223 Nonnulla
555 2177 767 2221 eiusmodi
803 2177 1013 2220 adieetiva
1046 2177 1241 2220 indicant
1276 2178 1501 2221 notionem
1530 2178 1605 2220 ad-

294 2281 549 2325 iectivorum
568 2279 827 2341 Latinorum
851 2278 899 2318 in
920 2278 1034 2319 -bilis
1061 2277 1365 2320 desinentium.
1417 2277 1489 2319 Sic
1513 2277 1602 2319 αὶνί-

295 2396 417 2431 κητος
442 2382 477 2435 ι)
502 2378 617 2422 valet
634 2378 807 2420 invictus
815 2408 829 2428 ,
849 2376 1005 2420 deinde
1023 2376 1329 2431 insuperabilis,-
1347 2376 1596 2423 ἀνέλπιστος

334 2603 361 2648 ¹)
386 2604 436 2638 Cf.
462 2616 494 2638 v.
518 2616 546 2637 c.
571 2606 674 2647 Soph.
700 2605 817 2647 Antig.
842 2617 873 2638 v.
903 2609 983 2638 781:
1008 2602 1125 2649 ’Ἔρως
1149 2606 1340 2638 ἀνίκατε
1365 2604 1496 2648 μάχαν.
