1920 2893
936 148 993 190 28

307 301 353 343 in
385 300 500 345 hunc
531 300 710 344 modum
723 333 736 353 ,
768 302 815 344 ni
843 302 996 353 fallor,
1027 299 1292 345 enuntianda
1319 300 1524 343 fuissent:

462 402 707 447 ἁπάντων
738 403 904 456 ἐχθροὺς
934 404 1028 452 τοὺς
1061 403 1170 452 θεοὺς
1195 404 1298 454 ἡγοῦ
1329 401 1475 450 πλέον,

311 506 441 559 (quae
463 508 611 547 tamen
634 505 681 545 in
709 503 875 546 senario
894 516 985 545 non
1002 509 1183 559 possunt
1211 504 1425 559 admitti),
1456 506 1603 559 quem·

308 602 540 646 admodum
577 602 690 644 infra
721 616 759 644 v.
790 603 878 645 905
910 601 1090 658 legitur:

435 703 504 745 καὶ
539 704 673 757 ζῶντα
702 702 785 756 γάρ
817 719 873 745 νιν
905 703 1101 757 κρείσσον’
1132 703 1273 753 ἡγήσω
1303 702 1474 756 πατρός.

375 804 567 856 Locum,
597 810 649 848 ut
680 781 796 848 nune
826 819 872 848 se
900 804 1050 855 habet,
1080 805 1240 860 optime
1257 802 1472 846 intellexit
1489 814 1613 845 srm-

312 919 452 955 mus,
472 919 615 961 neque
637 906 763 948 aliter
779 919 984 948 Anscnrm
1002 904 1129 947 verba
1149 905 1331 961 explicat
1353 904 1608 947 Scholiasta:

306 1004 432 1046 πλέον
464 1003 568 1055 λέγε
597 1008 655 1059 ¹),
688 1003 852 1051 πάντας
880 1005 1108 1057 ἀνθρώπους
1138 1004 1250 1058 ἔχειν
1286 1003 1326 1059 (ἢ
1354 1002 1424 1046 hic
1450 1008 1516 1046 est
1543 1004 1611 1045 in-

307 1104 557 1159 serendum)
594 1103 704 1151 θεοὺς
736 1104 918 1157 ἐχθρούς.
986 1105 1047 1147 At
1072 1105 1178 1146 haec
1203 1104 1330 1160 plane
1358 1104 1541 1147 absurda
1569 1109 1612 1147 et

305 1218 330 1247 e
374 1204 550 1259 regione
594 1204 790 1260 opposita
837 1209 938 1247 sunt
976 1204 1029 1246 iis
1044 1236 1058 1255 ,
1093 1220 1204 1260 quae
1241 1205 1609 1261 PyladenNOresti

305 1304 446 1346 dicere
475 1304 660 1346 voluisse
689 1308 1027 1347 consentaneum
1051 1308 1129 1346 est.
1190 1304 1439 1360 Respondet
1463 1307 1608 1347 autem

304 1382 480 1447 Orestes
512 1418 552 1446 v.
587 1405 694 1446 903:

486 1504 600 1559 κρίνω
630 1505 676 1547 σὲ
708 1506 823 1547 νικᾶν
855 1503 924 1547 καὶ
958 1509 1172 1558 παραινεῖς
1201 1519 1269 1557 μοι
1301 1509 1453 1553 καλῶς.

362 1605 489 1646 Quae
524 1604 617 1646 sine
655 1603 786 1645 dubio
831 1603 1149 1654 demonstrant,
1195 1603 1389 1659 Pyladen
1423 1606 1607 1648 amicum

304 1707 580 1748 adhortatum
606 1719 716 1755 esse,
746 1710 797 1746 ut
820 1705 960 1747 virum
985 1719 1031 1747 se
1061 1710 1318 1760 praestaret,
1350 1720 1490 1760 neque
1514 1720 1603 1748 am-

303 1807 416 1862 plius
452 1805 607 1848 dubius
643 1805 862 1855 haereret,
902 1809 1050 1847 utrum
1091 1809 1272 1848 matrem
1310 1805 1522 1848 occideret
1553 1821 1609 1870 an

301 1908 518 1963 Apollinis
568 1896 791 1949 oraculum
828 1905 1075 1960 negligeret.
1135 1905 1361 1948 Eiusmodi
1401 1920 1500 1949 vero
1534 1906 1610 1949 ad-

302 2008 493 2051 hortatio
523 2007 695 2062 vulgata
723 2007 909 2049 lectione
938 2021 1027 2048 non
1052 2006 1322 2057 continetur,
1353 2007 1429 2050 sed
1460 2021 1510 2050 ea
1539 2007 1607 2050 his

301 2109 438 2152 verbis
471 2108 587 2151 inest
619 2108 860 2158 sententia,
899 2121 1009 2162 quae
1043 2107 1238 2163 Pyladen
1266 2108 1409 2151 Oresti
1436 2109 1611 2152 'caedem

299 2207 621 2251 dissuadentem
650 2207 774 2249 nobis
810 2207 995 2251 exhibet.
1056 2207 1184 2249 Nihil
1220 2207 1339 2249 aliud
1376 2207 1481 2250 dicit
1518 2208 1603 2251 nisi

297 2310 401 2352 hoc:
447 2309 582 2365 pluris
626 2308 781 2359 facias,
826 2321 958 2350 omnes
1000 2308 1081 2351 tibi
1124 2308 1307 2350 inimicos
1342 2322 1435 2351 esse
1473 2322 1603 2364 quam

334 2555 363 2603 1)
386 2560 523 2601 Λέγειν
552 2561 668 2593 eadem
695 2559 904 2603 significandi
925 2563 1085 2602 potestate
1105 2560 1127 2592 i.
1149 2569 1178 2592 e.
1204 2559 1269 2593 τοῦ
1292 2559 1452 2604 νομίζειν
1473 2568 1606 2603 usurpa·

287 2627 361 2656 tum
383 2621 460 2656 vide
483 2621 572 2664 apud
594 2621 696 2664 Soph.
722 2621 839 2664 Antig.
868 2623 949 2662 183,
976 2624 1053 2655 462.
1078 2625 1112 2656 et
1133 2622 1265 2664 passim.
