1920 2893
926 146 983 184 47

306 300 465 352 μάτων.
519 303 583 343 Ut
609 313 715 342 vers.
739 301 852 340 1309
877 296 1146 347 medeamur,
1175 296 1384 351 particula
1401 295 1464 345 τί,
1488 310 1606 339 exse-

243 444 246 447 .
309 405 466 456 quente
501 416 534 442 π
567 401 639 455 (Π)
676 403 789 449 orta,
819 401 942 441 textu
973 396 1186 440 movenda
1215 400 1279 439 est
1313 400 1357 440 et
1399 397 1492 452 syll.
1536 411 1598 439 σει

307 515 342 543 e.
359 516 397 542 v.
424 502 541 542 1310
569 499 616 540 in
642 497 832 554 praeced.
861 513 898 541 v.
924 498 1170 554 releganda,
1203 512 1298 559 quo.
1320 497 1433 539 facto
1460 511 1630 543 versus·

307 614 406 642 cum
443 599 750 654 antistrophico
787 614 866 642 suo
904 598 1014 641 bene
1043 599 1253 654 congruit.
1314 597 1533 640 Particula
1561 596 1600 638 τὶ

303 698 374 741 hic
430 700 556 755 plane
605 705 673 743 est
721 700 857 742 otiosa
866 716 879 750 ‚-
929 700 1092 741 Graeca
1138 698 1253 741 enim
1300 699 1462 741 locutio
1513 702 1600 741 est:

301 803 486 855 πρᾶγμα
506 817 544 844 v.
569 800 811 854 πράγματα
841 800 1103 853 λαμβάνειν,
1136 799 1249 852 ἔχειν
1259 816 1271 851 3
1307 800 1390 855 (eff.
1419 814 1600 842 XENOPH.

300 917 334 944 r.
370 903 472 945 Lac.
507 904 548 944 2.
590 904 641 954 9,-
668 902 711 943 h.
743 901 828 944 fab.
858 916 898 944 v.
931 903 1062 957 1216)
1106 900 1311 944 articulus
1341 901 1476 945 aliave
1505 914 1601 957 par-

297 1003 432 1046 ticula
468 1017 559 1045 non
591 1001 777 1044 additur.
840 1001 1020 1044 Comma
1058 1001 1244 1058 denique
1279 1006 1467 1059 ponatur
1500 1006 1600 1058 post

302 1101 459 1156 ἤρξατ’.
486 1128 546 1135 ——
566 1102 663 1144 Iam
687 1102 734 1144 in
764 1102 1030 1157 antistrophe
1056 1102 1201 1145 omnia
1228 1102 1339 1146 bene
1366 1118 1464 1146 cum
1488 1107 1600 1147 stro-

298 1202 434 1258 phicis
479 1203 725 1258 conspirant
761 1216 898 1258 usque
930 1202 985 1244 ad
1011 1218 1049 1245 v.
1082 1205 1222 1255 1316,
1263 1205 1337 1260 qui
1367 1204 1599 1261 respondet

296 1317 334 1344 v.
377 1305 513 1345 1308:
557 1303 655 1345 κούκ
687 1302 769 1345 ἔσθ’
812 1301 918 1350 ὅπως
951 1304 993 1345 οὐ
1025 1304 1231 1356 >abilam-0313
1263 1305 1311 1346 in
1348 1319 1465 1360 seqq.
1495 1319 1597 1347 vero

296 1404 447 1446 turbae
484 1404 739 1447 manifestae
775 1404 1164 1459 deprehenduntur.
1235 1405 1290 1445 In
1326 1419 1363 1446 v.
1401 1406 1514 1446 1317
1554 1408 1597 1446 et

302 1504 416 1545 1318
459 1503 670 1557 glossema
705 1503 838 1546 latere
867 1503 975 1545 mihi
1009 1504 1197 1555 videtur,
1236 1519 1322 1559 quo
1359 1504 1485 1546 facile
1527 1518 1596 1546 ca-

297 1618 391 1647 rere
423 1619 662 1659 possumus.
723 1604 868 1647 Verba
911 1609 1077 1647 autem:
1113 1602 1252 1658 οἷσπερ
1300 1605 1350 1648 ἂν
1389 1605 1597 1657 ξυγγένη-

296 1717 396 1751 ται,
429 1702 493 1745 nil
529 1702 613 1744 nisi
645 1701 975 1758 explicationem
1008 1702 1235 1744 continent
1270 1716 1360 1744 voc.
1397 1701 1595 1751 ἅπαντας

300 1803 407 1857 (scil.
427 1802 622 1860 δικαίους)
649 1816 828 1857 eamque
854 1817 1048 1858 pravam,
1073 1817 1214 1858 neque
1235 1804 1310 1854 iis,
1338 1819 1447 1859 quae
1468 1807 1598 1860 poeta

294 1903 435 1945 dicere
464 1902 622 1953 voluit,
654 1903 1033 1945 accommodatam.
1075 1904 1450 1948 Quemadmodum
1479 1902 1615 1949 enim'

294 2016 420 2057 supra
454 2016 492 2044 v.
532 2002 617 2043 887
656 1979 743 2057 secl.
808 2003 1072 2059 Strepsiades
1105 2003 1210 2047 dicit
1243 2007 1432 2050 Socrati:

883 2158 1002 2198 τοῦτο
1034 2159 1133 2207 γοῦν
1165 2157 1358 2214 μέμνησ’,
1388 2158 1497 2207 ὅπως

314 2253 438 2308 πρὸς
469 2254 727 2297 πάντατὰ
753 2253 906 2298 δίκαι’
938 2255 1253 2308 ἀντιλέγειν
1283 2258 1579 2309 δυνήσεται.

293 2405 353 2448 sic
389 2410 539 2448 nostro
583 2405 698 2456 loco,
736 2405 812 2448 ubi
859 2405 1012 2448 chorus
1051 2413 1261 2448 memorat
1307 2404 1404 2460 ὅπερ
1452 2407 1590 2451 πάλαι

292 2505 386 2546 ποτ’
412 2504 559 2558 -ἐζήτει
595 2503 613 2545 ὁ
654 2503 940 2558 Στρεψιάδης,
986 2505 1136 2548 iisdem
1168 2507 1257 2549 fere
1304 2508 1441 2551 verbis
1477 2511 1593 2553 senis

292 2602 547 2645 desiderium
588 2603 857 2659 exprimitur:
