1920 2893
905 114 965 154 43

284 271 502 311 cesserunt
512 284 526 318 ,-
567 280 708 322 neque
746 266 802 309 ad
843 267 959 308 hunc
994 281 1131 322 usque
1165 266 1279 309 diem
1313 267 1586 311 difficultates

287 369 481 414 sublatae
523 367 736 412 videntur.
797 368 855 411 In
898 367 1121 412 Phoeniss.
1166 367 1268 412 edit.
1317 367 1389 428 (ad
1428 385 1467 412 v.
1499 371 1588 412 216

287 473 423 528 seqq.)
446 484 792 513 vxncxmunmus
813 448 1085 514 difficultates
1102 471 1206 515 istas
1235 471 1383 526 attigit
1398 471 1589 526 quidem,

287 587 379 615 non
410 586 511 614 vero
540 572 728 614 sustulit.
790 574 1061 616 Memoratur
1092 573 1338 616 coniectura
1373 586 1588 623 summ,

290 673 365 729 qui
377 688 455 730 pro
472 673 647 730 vulgato
660 674 860 722 Σικελίας
876 675 1194 718 rescribendum
1206 676 1373 731 putavit
1384 676 1574 724 Κιλικίας
1578 693 1591 727 3

293 775 375 819 sed·
401 775 513 818 nihil
538 760 632 819 ista·
650 775 916 819 correctione
934 775 1175 827 lucramur,
1205 791 1315 832 quae
1345 791 1372 818 a
1405 790 1593 819 vncxn-

292 889 450 918 mumo
481 876 642 932 optime
674 880 739 918 est
756 871 954 919 refutata.
1018 876 1177 927 Recte,
1213 879 1263 917 ut
1281 875 1387 917 mihi
1417 875 1593 931 quidem

291 975 480 1026 videtur,
511 975 832 1046 distinctionem
865 975 1010 1032 posuit
1041 976 1116 1018 ille
1149 979 1247 1031 post
1277 976 1427 1032 partic.
1462 974 1594 1018 πλεύ-

291 1093 432 1128 σοισοο,
460 1078 524 1120 ita
555 1082 606 1120 ut
634 1078 862 1132 sequentia
898 1077 1043 1118 omnia
1073 1077 1128 1118 ad
1167 1077 1375 1130 Ζεφύρου,
1412 1091 1507 1120 non.
1535 1077 1591 1119 ad

291 1162 519 1221 πλεύσασαι
546 1177 799 1221 referantur.
861 1178 996 1220 Porro
1030 1177 1252 1232 epitheton
1279 1176 1592 1230 ἄκοὶρπιστος

292 1277 346 1321 de
377 1277 525 1320 Sicilia
556 1277 823 1333 ineptissime
854 1281 1108 1332 usurpatum
1129 1277 1284 1319 merito
1311 1277 1593 1333 vituperatur,

292 1382 337 1422 et
369 1377 492 1421 valde
518 1377 677 1421 arridet
706 1391 851 1421 xmo-11
882 1378 1067 1434 suspicio
1096 1379 1475 1432 εὐκαρπίστων
1501 1393 1593 1422 cor-

290 1480 492 1536 rigentis,
541 1479 696 1536 quippe
745 1492 855 1534 quae
900 1461 1076 1521 omnino
1118 1479 1369 1535 scrupulum
1406 1479 1591 1523 eximere

288 1579 507 1630 videatur,
551 1594 680 1634 quem
723 1579 876 1621 adiect.
919 1577 1176 1631 οὶκοὶρπιστος
1217 1580 1417 1621 omnibus
1458 1581 1591 1622 inter-

291 1679 487 1735 pretibus.
501 1679 595 1721 iure
612 1678 774 1721 iniecit.
814 1679 876 1720 At
897 1683 1083 1721 metrum
1109 1679 1272 1729 obstat,
1292 1693 1433 1734 neque
1457 1681 1590 1735 igitur

290 1780 509 1835 Kingiana
545 1780 792 1822 coniectura
821 1778 991 1821 admitti
1021 1782 1178 1835 potest.
1228 1780 1342 1822 Utut
1366 1785 1453 1832 est,
1471 1781 1590 1824 locus

291 1881 422 1925 etiam
454 1895 570 1923 nunc
604 1880 797 1931 laborat,
827 1879 1013 1923 necdum
1043 1878 1302 1922 medicinam
1328 1884 1480 1924 nactus
1514 1887 1591 1925 est.

290 1981 456 2046 Operae
482 1979 669 2036 pretium
697 1993 789 2023 esse
813 1978 983 2022 videtur
1011 1978 1096 2021 loci
1122 1980 1259 2022 nostri
1287 1980 1591 2036 explicationes

290 2096 316 2124 a
352 2082 628 2137 paraphrasta
656 2085 699 2124 et
731 2080 961 2123 scholiasta
989 2056 1108 2123 datas
1127 2080 1383 2136 inspexisse,
1408 2096 1593 2136 quorum

292 2183 368 2226 ille
388 2184 518 2226 vertit
540 2181 821 2235 ἀκάρπιστοςε
853 2181 1198 2235 πολύκαρπος
1213 2214 1226 2231 ,
1258 2183 1329 2225 hic
1353 2183 1401 2224 in
1428 2183 1592 2226 scholio

294 2284 508 2341 duplicem
527 2283 650 2327 affert
667 2283 1077 2339 interpretationem.
1100 2282 1416 2337 ιιἈκοὶρπιο-τοο,
1429 2284 1590 2340 inquit,

296 2402 319 2424 as
332 2385 366 2427 οἱ
391 2384 467 2436 μὲν
487 2383 544 2427 τὰ
565 2383 897 2439 πολύκαρποι,
931 2386 965 2428 οἱ
995 2385 1036 2428 δὲ
1057 2384 1113 2428 τοὶ
1140 2384 1352 2428 θαλάσσιοι
1382 2385 1520 2429 πεδιόι.
1549 2402 1589 2428 κ.

296 2500 370 2527 υτ.
388 2485 453 2527 ἓ.”
491 2485 621 2528 Unde
651 2500 993 2529 vncxanxnxms
1022 2485 1280 2528 scholiasten
1308 2484 1591 2538 sz'axxpm'wcov

238 2581 242 2584 ’
291 2585 444 2641 legisse
482 2587 668 2630 coniicit.
703 2612 761 2619 —
790 2588 940 2631 Liceat
974 2587 1104 2638 mihi,
1137 2601 1240 2643 pace
1285 2587 1365 2629 viri
1413 2587 1594 2638 summi,
