1920 2893
922 120 978 160 22

301 273 468 325 sceptris
496 272 666 329 imperii
698 273 866 329 insigne
899 288 1018 330 reges
1050 274 1289 330 antiquitus
1320 276 1479 316 hastam
1510 287 1602 329 ges-

301 373 436 416 serint
473 377 525 430 ¹).
586 375 670 417 Cui
701 375 939 419 sententiae
967 390 1217 419 nuntiamus
1249 378 1287 431 ²)
1327 389 1498 430 quoque
1530 374 1605 416 ad-

302 474 443 517 dictus
499 475 680 518 videtur.
755 474 981 529 Quidquid
1029 481 1175 519 autem
1222 476 1274 519 de
1320 490 1411 519 voc.
1462 476 1601 528 αἰχμὴ
1644 538 1652 540 ,

302 574 571 629 significandi
603 578 818 630 potestate
848 574 1027 618 afferant
1052 576 1132 618 viri
1161 576 1303 628 docti,
1330 580 1479 620 nostro
1509 577 1604 620 loco

304 690 393 718 non
413 676 616 719 convenit
643 676 855 720 eiusmodi
873 678 1018 729 notio,
1044 678 1131 721 sive
1156 692 1256 721 vera
1280 679 1338 721 sit
1362 680 1451 723 sive
1480 679 1605 730 ficta,

301 791 436 831 quum
484 777 604 819 aliud
650 793 741 820 voc.
786 779 1029 834 requiratur
1062 782 1114 835 3).
1186 781 1291 822 Non
1339 779 1456 822 enim
1499 782 1606 835 puto
1638 810 1641 811 ν

301 876 494 932 Οὴοόρὶι.
543 880 656 928 630,
690 878 766 920 ubi
803 854 868 920 de*
897 879 1117 932 γυναικείᾳ
1159 880 1305 934 αἰχμᾷ
1343 893 1483 922 sermo
1519 883 1608 930 est,

300 978 386 1020 huc
416 978 579 1032 aliquid
616 978 781 1027 facere,
813 991 946 1032 quum
981 976 1034 1019 de
1071 991 1117 1019 re
1150 977 1277 1032 plane
1311 977 1476 1020 diversa¹
1508 983 1608 1033 agat

300 1082 440 1134 poe'ta.
504 1078 569 1120 Ut
607 1092 892 1121 nnomrunus
926 1083 1042 1121 reete
1073 1077 1206 1128 vidit,
1249 1077 1333 1120 loci
1364 1076 1476 1120 ratio
1508 1091 1606 1133 pos-

297 1178 412 1218 tulat
457 1191 573 1227 voc.,
622 1177 739 1231 quod
789 1176 844 1217 ad
898 1177 1093 1226 indolem,
1139 1181 1355 1226 naturam,
1404 1161 1606 1231 inqenidm

299 1277 510 1319 muliebre
555 1279 732 1332 spectat.
809 1277 905 1318 Iam
952 1276 1098 1331 paullo
1141 1277 1322 1319 ulterius
1359 1291 1606 1331 progressus
1647 1260 1652 1267 Ι

300 1377 478 1432 opinor,
511 1377 657 1430 αἰχμᾷ
688 1378 938 1431 corruptum
968 1389 1059 1418 esse
1088 1390 1140 1418 ex
1163 1377 1330 1431 ἀκμᾷς
1362 1390 1471 1431 quae
1491 1389 1604 1418 voce.

290 1476 417 1518 facile
473 1476 681 1519 confundi
729 1481 944 1531 poterant.
1010 1476 1500 1534 (AIXMAIzAKMAI)
1555 1476 1607 1531 ⁴).

299 1575 566 1629 Significatio
600 1589 692 1617 voc.
726 1575 843 1625 οέκμὴ
877 1574 1037 1616 usitata
1075 1579 1118 1617 et
1154 1575 1356 1630 primaria
1388 1579 1454 1629 est
1484 1576 1609 1625 acies,

300 1678 446 1731 cuspis,
520 1677 655 1718 Porro
690 1675 744 1718 de
781 1677 926 1716 aetatis
957 1689 1110 1717 summo
1128 1677 1237 1729 flore
1267 1689 1344 1718 seu
1377 1676 1611 1717 maturitate

301 1779 470 1833 saepius
513 1779 768 1831 usurpatur:
811 1775 928 1826 ἀκμὴ
968 1779 1042 1822 τῆς
1082 1774 1246 1823 ἡλικίας
1278 1790 1310 1816 s.
1344 1778 1416 1816 τοῦ
1450 1774 1543 1826 βίου
1575 1791 1607 1817 s.

299 1883 370 1921 τοῦ
411 1878 505 1931 ζῆνς
549 1876 681 1919 etiam
712 1874 909 1916 absolute
938 1888 964 1915 a
1001 1874 1277 1929 scriptoribus
1308 1874 1466 1916 Atticis
1501 1874 1606 1917 dici-

297 1982 394 2026 tur,
445 1976 640 2032 inprimis
692 1975 746 2018 ab
792 1988 1008 2017 moeurs.
1073 1973 1144 2015 Sic
1177 1987 1321 2015 Asson.
1361 1973 1476 2016 Pers.
1513 1976 1599 2016 441

347 2228 371 2270 ¹)
396 2228 447 2261 Cf.
472 2209 661 2268 manuus,
686 2228 708 2260 1.
732 2227 756 2260 1.

346 2287 374 2332 ²)
397 2289 641 2328 Hnmunxus,
672 2288 729 2321 lib.
761 2289 784 2320 1.
813 2289 848 2321 in
876 2292 988 2320 annot.
1013 2287 1057 2320 ad
1086 2297 1118 2320 v.
1144 2290 1221 2320 462.
1269 2284 1437 2331 Sceptrum
1459 2288 1558 2322 vertit
1581 2289 1616 2321 in

303 2355 417 2382 annot.
443 2349 485 2381 ad
508 2348 658 2391 Choeph.
683 2359 714 2381 v.
741 2351 818 2382 620.

349 2408 374 2452 ⁵)
400 2410 499 2450 Quod
522 2419 690 2442 meamus
713 2410 826 2442 Prom.
852 2412 918 2442 405
939 2409 1112 2452 Aeschylo
1134 2410 1277 2442 restituit
1296 2419 1366 2442 voc.
1392 2409 1484 2455 ἀρχὴ
1510 2420 1532 2443 a
1554 2410 1618 2444 loci

304 2472 405 2503 nostri
429 2472 593 2504 sententia
615 2472 764 2504 alienum
787 2480 857 2504 esse
881 2471 1021 2504 videtur.

346 2530 372 2573 4)
398 2531 448 2565 Cf.
472 2541 686 2565 nanninus
719 2532 753 2564 in
778 2537 892 2565 annot.
917 2533 959 2564 ad
982 2532 1073 2575 Sept.
1106 2543 1138 2566 v.
1168 2535 1252 2573 855,
1277 2532 1365 2566 unde
1389 2536 1478 2574 patet
1504 2531 1618 2576 ἀλκᾷ,

302 2592 417 2635 αἰχμᾷ
444 2596 475 2623 οι
500 2592 592 2635 ἀκμᾷ
617 2592 650 2624 ἰιι
676 2591 779 2625 Codd.
803 2591 970 2624 confundi.
