1920 2893
931 91 954 131 7

287 255 388 285 usus
424 242 540 298 apud
575 256 783 284 nonnum
819 238 1109 285 et'nnsmnun
1123 258 1136 293 ς
1184 241 1260 284 sed
1288 255 1502 285 versamur
1534 240 1580 282 in

231 362 234 365 ·
287 343 474 387 carmine
517 343 767 387 recentioris
803 322 989 386 fabricae
1029 356 1170 399 neque
1208 342 1395 397 genuina
1432 341 1579 396 lingua

285 443 404 499 epica
424 443 665 499 conscripto
688 446 739 499 ¹).
802 445 935 486 Porro
956 444 1153 499 displicet
1172 444 1371 499 repetitio
1395 443 1443 484 in
1464 456 1578 485 voce.

284 541 590 595 ἐπιπροχέουσοε
627 545 733 596 χέει.
797 545 996 587 Immune
1035 544 1240 586 correxit:
1285 541 1575 595 ἐπιπροχέουσ·’

284 640 406 693 ἀχέει
420 658 433 692 ,-
462 642 683 697 ingeniose
713 642 907 697 quidem,
951 641 1027 684 sed
1062 641 1180 684 verbi
1215 641 1359 693 ἀχέειν
1391 641 1576 695 exquisi-

282 746 354 784 tae
384 741 687 797 significationi
710 741 782 785 hic
805 742 873 784 vix
900 742 1019 785 locus
1048 715 1138 785 esse
1161 745 1304 797 potest
1334 744 1387 797 ²).
1427 741 1573 783 Ruun-

280 856 431 884 xtums
468 842 732 885 emendavit:
763 843 1050 896 ἕπιπροχέουσ·’
1077 843 1221 896 ἰαχεῖ,
1255 857 1385 898 quam
1411 856 1576 884 correc-

279 941 467 992 tionem,
514 942 702 997 reposito
739 946 884 985 tamen
923 941 1062 995 ἰάχει,
1114 943 1162 984 in
1200 946 1367 985 textum
1414 942 1574 997 recepit

281 1055 541 1083 unanimi-«us.
603 1043 854 1097 Perperam,
898 1041 945 1083 ni
980 1042 1119 1083 fallor.
1181 1042 1305 1084 Licet
1352 1041 1465 1083 enim
1484 1099 1486 1103 Ι
1505 1040 1571 1081 di-

278 1155 446 1196 gamma
476 1141 593 1184 verbi
620 1140 782 1193 ἰοὲχειν,
818 1155 903 1195 quo
941 1145 1133 1195 tempore
1160 1140 1344 1194 hymnus
1377 1139 1422 1179 in
1452 1139 1572 1180 Pana

275 1247 627 1297 componeretur,
677 1242 877 1297 perierit,
924 1245 1029 1296 puto
1085 1245 1232 1283 tamen
1283 1239 1336 1282 de
1392 1239 1571 1294 antiquo

274 1341 427 1392 verbo,
457 1355 596 1383 sonum
631 1343 770 1393 edm-e,
807 1346 983 1396 strepere
1026 1341 1318 1396 significante,
1362 1355 1417 1383 ne
1454 1341 1570 1396 cogi-

274 1440 357 1482 tari
388 1441 559 1496 quidem
590 1455 725 1497 posse.
788 1442 971 1483 Nullum
1001 1441 1139 1492 enim,
1176 1440 1292 1496 quod
1313 1440 1425 1490 scio,
1455 1439 1569 1495 apud

274 1553 481 1582 nonnum
536 1542 603 1584 vel
656 1555 866 1583 nnsmnun
918 1541 1102 1583 occurrit
1153 1540 1421 1595 exemplum,
1481 1554 1567 1594 quo

273 1643 386 1684 verb.
437 1642 574 1694 ἱοὶχειν
618 1657 714 1684 cum
765 1643 932 1694 obiecto
978 1643 1174 1684 iunctum
1222 1647 1310 1691 est,
1362 1641 1565 1695 quemad-

272 1742 448 1785 modum
493 1746 641 1785 nostro
682 1743 777 1785 loco
815 1742 977 1785 factum
1021 1756 1112 1784 esse
1148 1741 1339 1784 videmus
1351 1759 1363 1792 ,-
1403 1741 1564 1796 ubique

271 1842 564 1892 intransitive,
605 1841 751 1884 addito
797 1841 1019 1891 adverbio,
1067 1841 1223 1896 legitur
1232 1858 1245 1892 ,-
1282 1841 1411 1884 etiam
1447 1840 1562 1896 apud

271 1941 426 1996 Epicos
459 1941 662 1990 seriores,
692 1941 766 1995 qui
792 1940 919 1982 verbo
950 1940 1112 1992 ἰαχεῖν,
1147 1940 1263 1995 quod
1292 1941 1561 1983 transitivam

270 2040 399 2083 habet
438 2039 822 2100 significationem,
855 2040 921 2082 uti
965 2018 1125 2090 solent,
1167 2040 1265 2090 ubi,
1312 2041 1421 2096 quod
1469 2053 1559 2081 cum

267 2139 440 2179 clamore
471 2139 688 2188 emittitur,
720 2138 908 2180 indicare
952 2139 1113 2181 volunt.
1185 2139 1313 2182 Unde
1352 2140 1559 2194 'sequitur

304 2355 330 2395 ¹)
358 2357 565 2398 Argumento
598 2358 640 2390 sit
675 2368 706 2390 v.
740 2360 804 2397 36,
835 2358 891 2391 ubi
923 2358 1011 2391 verb.
1045 2358 1199 2391 ἰδέσθαι
1229 2359 1396 2400 digamma
1429 2360 1560 2401 respuit.

258 2417 340 2450 Voc.
364 2417 438 2460 ἠχὼ
462 2417 546 2450 nihil
556 2418 688 2460 probat,
700 2428 804 2461 quum
826 2418 894 2451 iam
912 2423 1041 2451 mature
1061 2418 1102 2451 τὸ
1117 2419 1149 2449 F
1162 2419 1315 2465 amiserit.
1338 2418 1389 2451 Cf.
1403 2428 1434 2450 v.
1448 2428 1538 2450 anr
1550 2444 1557 2458 ,

257 2476 313 2508 ub.
337 2477 360 2509 1.
385 2488 416 2519 p.
442 2481 485 2510 39
511 2483 545 2510 et
569 2481 623 2511 53.
711 2465 715 2470 ’

300 2533 327 2579 ²)
352 2537 402 2571 Cf.
427 2539 564 2571 omnino
587 2548 815 2572 narr-iacimus
839 2540 895 2572 lib.
920 2540 943 2571 1.
969 2550 998 2581 p.
1029 2542 1101 2571 117.
1128 2549 1194 2582 seq.
