1920 2893
947 99 1000 139 11

327 264 466 308 neque
517 263 712 307 usquam
742 249 846 293 alibi
882 248 1064 293 inveniri
1099 249 1264 306 opinor.
1324 248 1514 294 Omnino
1551 264 1620 293 ac-

326 351 540 395 cusativus
571 349 770 402 δεσμὸν
800 349 1062 406 requiritur,
1091 363 1277 405 quocum
1309 349 1465 393 ἀνεῖναι
1503 363 1619 392 com-

320 450 425 506 poni
466 450 589 493 solet.
649 450 963 494 Ants‘rsncmm
1006 461 1179 506 quoquc
1217 455 1402 494 accusat.
1442 449 1620 505 legisse,

322 550 431 593 mihi
460 549 689 595 verisimile
716 549 896 597 videtur.
922 523 930 538 ι
957 551 1074 593 Nam
1105 549 1152 593 in
1183 550 1346 595 scholio
1378 550 1433 594 ad
1464 566 1502 593 v.
1532 552 1617 594 355

321 641 500 708 legitur:
542 651 816 706 Ἀρίσταρχος
849 652 892 693 δὲ
922 650 1114 703 δεσμὸν
1144 649 1317 705 γράφει.
1378 652 1498 695 Solet
1524 651 1619 707 qui-

327 750 425 794 dem
462 752 543 794 hoc
572 752 767 795 scholion
804 751 858 794 ad.
876 766 915 793 v.
948 753 1033 793 355
1068 751 1241 802 referri,
1270 750 1345 793 sed
1374 765 1619 807 perperam,

322 854 368 894 ni
414 853 542 895 fallor
574 856 626 908 ¹).
685 854 836 896 Potius
880 853 935 894 ad
983 867 1021 893 v,
1055 854 1142 894 359
1179 851 1392 906 pertinere
1427 851 1618 901 videtur,
1687 836 1697 845 ⁹

321 953 423 1004 ubi,
465 969 543 1009 pro
580 954 755 1009 vulgata
790 954 974 998 lectione
1006 954 1164 1006 δεσμῶν
1177 986 1190 1005 ,
1221 933 1393 996 criticus
1429 954 1618 996 Alexan-

325 1054 473 1097 drinus
524 1055 672 1107 δεσμὸν
719 1054 824 1109 legit
858 1057 913 1109 ²).
985 1054 1112 1096 ‘Puto
1149 1054 1282 1108 igitur
1330 1054 1523 1096 scholion
1565 1052 1620 1095 ad

322 1170 361 1198 v.
386 1157 471 1198 355
501 1155 561 1198 sic
596 1154 891 1229 refingendum
923 1127 1049 1205 csse.
1066 1159 1116 1197 ut
1150 1153 1303 1197 ultima
1329 1153 1475 1197 verba:
1507 1122 1619 1206 ‘Apl-

325 1229 508 1308 στᾷρχος
531 1270 569 1296 κ.
588 1271 627 1297 τ.
648 1255 680 1297 ἐ.
711 1270 737 1297 a
758 1254 1108 1310 praecedentibus
1141 1254 1419 1309 seiungantur
1447 1259 1490 1297 et
1520 1269 1620 1297 cum

321 1355 523 1398 lemmate
561 1356 767 1406 δεσμῶν
805 1370 844 1397 v.
879 1357 984 1406 359,
1015 1326 1110 1410 quo⁵
1132 1360 1351 1410 spectant,
1388 1356 1619 1399 restituan-

319 1461 404 1498 tur.
468 1455 553 1498 Sed
585 1470 641 1498 ne
671 1455 732 1498 sic
763 1456 935 1511 quidem
964 1470 1108 1499 versus
1139 1470 1309 1512 prorsus
1342 1462 1407 1499 est
1428 1461 1614 1499 sanatus.

324 1555 531 1610 Reposito
571 1554 686 1597 enim
732 1554 905 1606 δεσμόν,
948 1558 1135 1597 metrum
1177 1555 1265 1597 ruit
1279 1572 1291 1607 ,-
1340 1555 1411 1597 cui
1451 1556 1619 1598 vulneri

320 1658 467 1695 tamen
495 1653 622 1694 facile
660 1653 881 1694 medearis.
943 1653 1164 1694 Nimirum
1192 1657 1243 1694 ut
1279 1653 1492 1707 integram
1523 1668 1619 1696 sen-

320 1753 503 1796 tentiam
535 1752 789 1802 habeamus,
819 1752 1085 1795 desideratur
1113 1752 1329 1795 obiectum
1359 1753 1478 1795 verbi
1495 1753 1612 1795 ἀνίει.

321 1854 418 1897 Iam
462 1866 562 1896 vero
610 1851 789 1895 dubium
837 1851 944 1894 mihi
990 1866 1079 1895 non
1125 1855 1214 1904 est,
1257 1853 1369 1908 quin·
1392 1858 1490 1909 post
1524 1868 1614 1898 voc.
1685 1859 1692 1868 ·

325 1951 473 2005 δεσμὸν
507 1951 783 1995 inserendum
815 1951 871 1993 sit
906 1964 1027 2006 pron.
1062 1951 1141 2003 FA,
1180 1932 1270 2008 quo
1293 1952 1423 2006 ’Ἄρης
1457 1953 1619 2009 signifi-

321 2057 500 2095 caretur.
563 2051 634 2094 Sic
664 2051 798 2106 igitur
828 2055 947 2094 totus
984 2065 1128 2094 versus
1164 2052 1422 2107 refingatur:

358 2273 386 2316 ¹)
409 2272 460 2306 cf.
484 2282 731 2313 BUTTMANNUS,
755 2273 892 2307 Scholia
913 2275 948 2306 in
972 2274 1091 2317 Odyss-
1114 2275 1148 2306 in
1172 2279 1287 2307 annot.
1311 2276 1356 2307 ad
1377 2275 1411 2307 h.
1436 2285 1467 2307 v.

339 2329 388 2376 '²)
410 2333 644 2373 Aristarchus,
679 2343 722 2366 ne
755 2335 837 2377 quid
859 2339 1002 2367 metrum
1024 2335 1214 2367 detrimenti
1236 2340 1382 2377 caperet,
1416 2335 1527 2368 locum
1551 2346 1622 2369 nos-

314 2397 404 2426 trum
428 2393 564 2426 fortasse
587 2394 634 2426 sic
656 2394 885 2427 constituerat:

524 2448 602 2490 “ch
627 2453 738 2486 εἰπὼν
761 2453 854 2487 ἀνίει
879 2453 1012 2494 δεσμὸν
1034 2454 1138 2495 μένος
1161 2449 1393 2493 Ἠφαίστοιω

314 2508 454 2553 Saepius
477 2513 586 2553 enim,
610 2518 648 2546 ut
669 2517 785 2546 notum
809 2518 876 2553 est,
899 2514 1049 2555 neglecto
1072 2514 1268 2556 pronomine
1292 2515 1357 2553 Γέ,
1380 2515 1521 2549 Homeri
1540 2515 1622 2548 dior-

312 2572 423 2606 thotae
446 2574 561 2606 versus
584 2582 675 2607 voce.
699 2574 967 2617 transponebant.
1015 2573 1066 2608 Cf.
1092 2584 1123 2607 v.
1148 2585 1177 2607 c.
1196 2574 1240 2608 11.
1266 2575 1298 2606 6.
1328 2577 1402 2608 151.
