1920 2893
891 93 985 168 ¹37

301 284 353 323 ui:
395 279 670 330 conveniret,
711 278 971 329 arcessebat,
1026 293 1166 334 neque
1209 279 1395 323 dubitari
1441 285 1607 336 potest,

301 381 408 436 quin
433 394 508 422 rex
533 380 751 422 venationi
777 383 986 430 vacasset,
1017 393 1151 434 quum
1184 378 1361 421 domum
1395 380 1529 421 redux
1556 381 1603 421 in

297 489 463 523 servam
502 480 722 524 incideret.
799 480 942 523 Verba
992 481 1126 523 enim:
1175 479 1379 533 τυγχάνω
1430 481 1514 533 γὰρ
1561 483 1600 524 ἐν

296 579 437 631 μέσοις
482 582 644 635 Θρῄκης
684 579 782 635 ὅροις
830 583 972 631 ἀπών,
1019 581 1121 646 satis
1166 596 1378 637 superque
1422 582 1599 625 demon-

294 685 454 733 strant,
496 685 668 738 poetam
712 682 899 725 voluisse
930 681 1189 737 significare,
1224 696 1368 738 regem
1413 685 1597 728 venandi

288 782 435 824 studio
492 783 744 831 indulsisse,
800 782 1050 837 priusquam
1110 796 1208 824 eum
1260 796 1359 824 cum
1414 784 1595 827 Hecuba

288 883 608 938 colloquentem
637 884 684 925 in
719 898 889 926 scenam
923 882 1190 938 produceret.
1253 885 1322 925 Ἐν
1348 881 1446 937 ὅροις
1480 888 1594 929 enim

289 989 511 1028 venatores
549 984 659 1027 feras
691 983 887 1040 persequi
922 983 1129 1027 solebant.
1192 983 1271 1025 Off.
1299 998 1336 1025 v.
1375 999 1413 1026 c.
1442 984 1589 1040 hymn.

287 1085 334 1127 in
352 1085 544 1141 Aphrod.
571 1087 625 1126 18
633 1102 646 1136 ς
668 1100 763 1126 tva.
785 1085 916 1139 Hipp.
938 1085 1022 1126 215
1053 1098 1170 1140 seqq.
1192 1089 1235 1127 et
1261 1084 1431 1139 passim.
1493 1086 1589 1128 Iam

284 1186 514 1228 verisimile
549 1174 614 1228 est
646 1185 1006 1240 Polymestorem,
1042 1200 1143 1240 prae
1179 1186 1432 1227 insidiarum
1470 1192 1589 1229 metu

283 1287 464 1328 fortasse
505 1286 573 1338 (cf.
608 1300 645 1326 v.
687 1287 843 1339 1017),
873 1285 1023 1326 iaculis
1054 1287 1282 1327 venatoriis
1321 1287 1450 1328 etiam
1492 1292 1587 1329 tum

283 1386 562 1435 instructum,
597 1383 822 1426 Hecubam
853 1385 1100 1427 convenisse
1110 1402 1123 1436 ,·
1154 1385 1310 1427 mirum
1347 1386 1479 1441 igitur
1517 1402 1585 1429 ac·

277 1488 422 1531 cidere
451 1502 539 1528 non
566 1491 727 1541 potest,
760 1489 908 1528 nostro
938 1486 1033 1527 loco
1069 1500 1160 1527 voc.
1193 1485 1428 1538 στόχασμοι
1460 1502 1585 1529 usum

277 1602 372 1630 esse
399 1602 627 1629 immunem
658 1589 709 1641 ¹).
751 1587 858 1627 Voc.
889 1583 1123 1637 στόχκσμοι
1149 1586 1361 1640 scriptura
1389 1587 1582 1641 proxime

274 1687 441 1729 aceedit
460 1686 513 1728 ad
533 1685 759 1737 στόλισμκ.
796 1687 1582 1740 (ΣΤΟΧΑΣΜΑΤΟΣΞΣΤΟΛῙΣ-

276 1789 521 1842 ΜΑΤΟΣ).
582 1786 737 1839 Neque
768 1784 1166 1840 praetervidendum
1193 1789 1256 1827 est
1284 1786 1509 1828 litteras-A
1538 1792 1580 1830 et

275 1893 308 1928 X
340 1885 584 1942 saepissime
622 1884 899 1936 commutari,
934 1885 1050 1940 quod
1077 1883 1148 1928 hic
1177 1900 1349 1941 quoque
1383 1887 1578 1930 obtinere

271 1986 426 2042 potuit.
466 1985 634 2028 Quibus
652 1985 806 2027 litteris
829 1984 1016 2026 confusis
1050 1999 1139 2026 voc.
1171 1984 1399 2036 στόλοισμικ
1425 1989 1575 2028 natum

272 2089 361 2137 est3
398 2084 536 2141 quod,
568 2099 700 2140 quum
731 2083 857 2125 nihili
890 2087 1023 2134 esset,
1050 2083 1096 2124 in
1128 2082 1340 2135 στόλισμοε
1370 2084 1570 2141 deprava-

267 2188 371 2228 runt
394 2184 579 2236 librarii,
608 2183 803 2227 mirabile
822 2182 932 2239 ‚quid
961 2198 1007 2226 se
1036 2182 1298 2238 excogitasse
1329 2184 1426 2227 rati.
1473 2186 1569 2229 Iam
1591 2171 1609 2245 .-

267 2298 469 2326 numerus
513 2283 668 2337 singul,
718 2283 893 2325 retineri
939 2287 1081 2338 potest
1128 2286 1172 2324 et
1208 2275 1317 2336 legi:
1359 2283 1564 2337 διπτύχου

305 2481 331 2524 ¹)
354 2483 484 2516 Passim
514 2483 602 2524 apud
631 2483 733 2514 Hom.
766 2482 846 2515 belli
878 2483 1001 2521 duces,
1033 2486 1161 2523 praeter
1198 2481 1328 2522 galeam
1358 2487 1390 2514 et
1423 2488 1571 2522 scutum,

258 2548 386 2585 gestant
417 2543 484 2575 δύο
516 2544 638 2586 δοῦρε.
684 2542 746 2576 Cff.
781 2553 811 2575 v.
843 2548 871 2574 c.
905 2543 946 2574 11.
985 2545 1033 2573 10.
1071 2544 1129 2580 763
1167 2542 1266 2574 etiam
1299 2542 1334 2574 in
1372 2542 1505 2583 itinere,
1536 2550 1571 2576 ut

258 2605 396 2638 traditur
420 2604 482 2638 Od.
513 2607 540 2636 1.
567 2606 650 2641 2563
682 2607 730 2635 18.
758 2606 835 2635 377,
