1920 2893
929 114 983 153 35

302 262 415 318 apud
456 278 602 306 Arsen.
652 265 805 318 Agam.
848 265 931 314 663
976 278 1070 304 nun.
1108 262 1244 304 Elect.
1281 265 1388 313 852,-
1432 263 1596 305 Phoen.

305 365 418 407 1403
431 380 444 416 ,-
473 378 610 406 Ams’r.
630 363 682 406 fr.
709 365 795 407 357
816 363 873 405 D.
894 368 938 407 et
960 363 1203 420 passim.-—
1220 361 1391 405 Deinde
1419 378 1456 404 v.
1481 364 1596 405 1156

298 479 390 508 voc.
420 436 643 516 πόλισμα·
666 469 914 521 corruptum
948 470 1024 509 est.
1090 465 1211 508 Solet
1242 464 1356 507 enim
1388 463 1442 507 de
1469 465 1596 507 vesti-

297 569 445 608 mento
485 565 701 620 usurpari,
738 565 791 608 de
822 579 907 620 quo
945 565 1034 606 iam
1065 579 1204 607 sermo
1244 579 1334 606 non
1369 537 1445 606 est.
1509 564 1595 606 Lo-

297 666 445 722 quitur
475 669 603 722 poeta
629 666 681 709 de
706 665 872 708 duabus
900 664 1058 715 hastis,
1090 679 1194 720 quas
1220 664 1403 709 Thraces
1429 669 1596 720 gestare

295 767 490 810 solebant
539 781 733 822 quaeque
780 766 834 809 ab
871 757 1097 809 nnnonoro
1135 766 1164 807 1.
1202 781 1328 822 supra
1360 767 1389 808 l.
1427 781 1590 809 memo-

294 868 456 908 rantur.
516 864 651 907 Aliud
679 865 811 920 igitur
838 879 928 907 voc.
961 870 1026 908 est
1055 864 1369 920 quaerendum,
1397 881 1484 921 quo
1514 864 1594 908 καὶ·

294 981 429 1017 μακες
455 966 563 1009 istae
581 951 886 1021 significentur.
927 966 1053 1008 'Non
1071 979 1243 1021 prorsus
1271 966 1461 1009 alienum
1478 966 1594 1012 vide-

291 1069 364 1108 tur
380 1052 470 1109 vbc.
493 1064 739 1118 ὅπλισμα.
802 1065 999 1108 Occurrit
1026 1065 1141 1121 apud
1171 1081 1266 1108 mm.
1298 1066 1445 1122 Suppl.
1480 1068 1592 1124 714,

291 1165 438 1222 ibique
485 1165 538 1209 de
575 1166 707 1210 ‚clava
756 1170 989 1222 usurpatur
998 1183 1011 1218 ,-
1068 1165 1184 1222 apud
1241 1180 1360 1208 Pru.
1408 1167 1502 1209 Pol.
1555 1182 1597 1223 p.

291 1267 379 1308 279
411 1266 491 1308 D.:
529 1266 584 1308 τὰ
621 1267 717 1319 πρὸς
750 1265 932 1317 πόλεμον
963 1265 1228 1318 brumam.
1260 1292 1320 1299 —-
1353 1267 1478 1310 Idem
1509 1268 1594 1323 sig-

290 1367 460 1417 nificat,
491 1365 608 1421 quod
640 1363 779 1409 ὅπλον.
854 1367 951 1409 Ηοο
981 1381 1071 1409 voc.
1110 1353 1206 1411 cum
1247 1368 1399 1411 adiect.
1433 1370 1588 1421 γυμνὸς

289 1467 575 1523 compositum
624 1466 840 1509 invenitur
883 1467 997 1522 apud
1035 1481 1190 1510 aunon.
1225 1469 1289 1510 II.
1327 1471 1433 1521 1413
1471 1484 1585 1512 mon.

289 1569 396 1612 VII.
414 1570 471 1619 9,
501 1568 567 1610 uti
594 1572 743 1610 nostro
776 1567 894 1618 loco,
922 1567 1080 1622 legitur
1109 1568 1264 1620 γυμνὸς
1299 1568 1583 1622 ὃπλίσμοιτοςς

287 1668 535 1724 cesseroquin
565 1668 728 1711 locutio
758 1672 824 1710 est
844 1668 947 1710 satis
974 1668 1132 1710 usitata
1159 1669 1443 1726 omnibusque
1462 1676 1579 1715 nota.

286 1772 474 1821 Verum,
515 1770 552 1812 si
586 1770 768 1825 legimus
801 1768 1005 1821 διπτύχου
1038 1768 1327 1820 ὅπλίσμοιτος,
1363 1771 1455 1815 hiat
1487 1788 1579 1817 ver-

285 1886 357 1914 sus
370 1888 383 1923 ,-
428 1870 498 1913 cui
535 1870 640 1912 vitio
673 1868 933 1920 medeberis,
972 1868 1008 1911 si
1042 1883 1120 1924 pro
1158 1869 1363 1934 singulari
1397 1888 1578 1918 numero

282 1971 491 2029 pluralem
517 1969 784 2022 διπτύχων
815 1968 1154 2020 ὁπλίσμικτων
1177 1973 1439 2025 reposueris,
1463 1975 1579 2030 quod

282 2072 391 2114 bene
421 2070 621 2113 convenit
639 2084 737 2111 cum
758 2083 864 2111 vers.
884 2069 1075 2124 praeced.
1096 2084 1236 2132 neque
1255 2071 1435 2115 dictioni
1452 2074 1581 2137 Euri-

282 2171 433 2227 pideae
449 2175 672 2227 repugnat.
704 2170 825 2213 Solet
843 2169 958 2212 enim
971 2173 1100 2225 poeta
1116 2185 1194 2226 pro
1217 2172 1352 2219 διο-σὸς
1362 2204 1375 2223 ,
1389 2174 1574 2224 διπλοῦς,

282 2272 328 2316 δι’
336 2288 429 2316 πτυ
434 2287 526 2325 χος
551 2286 670 2313 num.
686 2271 794 2326 plur.
813 2284 1030 2326 usurpare.
1069 2271 1168 2313 Vid.
1184 2273 1426 2316 v.c.h.1ab.
1446 2276 1576 2328 1287,-

283 2371 581 2425 διπτύχους
628 2347 825 2425 νεκρούς-ς.
859 2372 998 2414 Orest.
1038 2373 1149 2414 633:
1189 2373 1336 2421 διπλῆς
1376 2375 1574 2428 μερίμνης

282 2474 578 2525 διπτύχους
614 2473 750 2521 ὁδούςς
786 2473 838 2515 cf.
873 2488 1022 2528 porro:
1057 2474 1220 2515 Phoen.
1258 2475 1374 2516 1354
1404 2481 1447 2518 et
1473 2477 1577 2519 ibid.

286 2574 397 2615 1635
407 2605 419 2624 ,
434 2573 509 2616 ubi
529 2590 554 2616 τ
563 2590 602 2626 ρι
613 2590 676 2616 πτ
686 2572 707 2616 ύ
714 2589 749 2626 χ
758 2590 785 2616 ω
795 2590 829 2616 ν.
868 2573 997 2617 Quod
1013 2573 1066 2615 ad
1084 2573 1318 2630 scripturae
1338 2577 1586 2630 discrimen,

1307 2669 1334 2707 3
1344 2667 1368 2694 >k
