1920 2893
863 112 916 152 19

289 265 341 307 In
383 265 532 308 eadem
573 269 720 308 annot.
766 264 821 306 ad
864 278 902 305 v.
947 265 1005 306 86
1042 264 1181 314 locos,
1210 264 1284 306 ubi
1317 264 1429 306 verb.
1464 263 1528 306 ἕν·

229 381 322 419 vum
355 369 399 409 et
422 348 692 408 substantiva
720 360 823 416 εἷμαι
853 368 897 406 et
925 364 1041 413 ἐσθὴς
1072 364 1286 420 digamma
1314 366 1529 420 aspernari

228 465 447 515 videntur,
476 468 784 508 commemorat
816 479 1080 507 annuamus.
1143 465 1238 507 Iam
1277 465 1330 507 de
1367 465 1434 506 his
1467 464 1528 505 vi-

227 566 416 609 deamus.

284 666 339 707 11.
374 668 416 709 3.
445 667 500 708 57
517 682 526 707 ε
567 664 705 708 λάϊνον
751 662 845 706 ἕσσο
885 667 1047 716 χιτῶνα
1086 668 1220 708 κακῶν
1269 664 1380 718 ἕνεχ’
1420 662 1526 707 ἕσσαι

226 764 371 816 ἔοργας
388 796 401 815 ,
436 766 544 807 mihi
584 766 630 806 in
665 780 841 807 censum
881 765 1026 807 venire
1063 779 1153 807 non
1186 780 1310 821 posse
1345 766 1525 807 videtur.

226 866 313 908 Hic
346 867 462 909 enim
489 882 622 918 vers.,
655 870 729 923 qui
760 884 859 911 cum
890 869 1171 924 praecedente
1189 869 1334 924 inepte
1353 869 1528 911 additur

227 968 543 1022 superioribus,
588 986 764 1013 nomano
816 971 1017 1026 indignus
1069 975 1158 1021 est,
1218 970 1414 1026 inprimis
1472 971 1526 1012 ob

223 1068 436 1112 insulsum
465 1069 648 1113 λάϊνον
680 1069 800 1113 ἕσσο
833 1074 1047 1123 χιτῶνα.
1110 1070 1190 1113 Est
1216 1084 1382 1125 pannus
1408 1085 1526 1120 assu-

222 1172 292 1210 tus
320 1169 569 1211 recentioris
594 1170 759 1212 aetatis.
821 1171 875 1212 V.
906 1172 994 1212 224
1019 1170 1061 1211 h.
1089 1170 1118 1211 l.
1147 1184 1199 1213 ex
1224 1169 1374 1212 eodem
1404 1170 1524 1212 fonte

223 1269 427 1311 manavit.
489 1270 557 1312 De
590 1270 639 1311 Il.
675 1272 743 1311 12.
777 1272 867 1311 464
903 1271 991 1312 iam
1022 1285 1150 1326 supra
1188 1272 1367 1326 egimus.

281 1370 336 1411 Il.
370 1371 438 1411 14.
476 1373 562 1413 383
573 1388 586 1422 ,-
617 1371 697 1412 Od.
728 1373 798 1412 24.
833 1372 933 1412 466.
964 1372 1073 1421 499,
1106 1371 1241 1413 eiecta
1270 1371 1418 1426 partic.
1453 1370 1522 1422 ῥά,

203 1471 442 1526 'lega-ntur:
486 1470 619 1523 αὐτὰρ
662 1471 750 1514 ἐπεὶ
785 1471 828 1512 F
831 1469 1045 1514 ἕσσαντο
1082 1485 1121 1512 κ.
1151 1486 1189 1512 τ.
1217 1470 1248 1511 ἒ.
1316 1470 1522 1513 Solebam:

218 1571 485 1626 grammatici
521 1573 554 1623 ῥ’
592 1571 658 1613 vel
696 1571 744 1624 ῥὰ
791 1585 867 1627 pro
901 1572 1046 1614 littera
1083 1571 1128 1612 F
1160 1585 1335 1613 nomano
1374 1571 1521 1613 obtru-

221 1671 346 1722 dere,
377 1686 433 1714 ne
463 1675 648 1713 metrum
678 1671 890 1714 laboraret
925 1674 976 1726 1).

281 1773 363 1815 Od.
400 1775 439 1814 7.
487 1775 575 1814 259
606 1773 784 1815 fortasse
817 1773 897 1827 leg.
933 1778 1029 1814 aut:
1081 1772 1174 1815 ἔνθα
1206 1774 1280 1823 μὲν
1314 1774 1514 1820 ἔπταιεν-ἒς

220 1873 338 1926 μένον
368 1872 597 1926 ἔμπεδοι,
630 1872 868 1924 Famam
898 1873 931 1914 δ’
953 1871 1054 1920 αἰεί,
1088 1878 1163 1916 aut
1186 1873 1302 1915 aliud
1324 1889 1414 1916 voc.
1434 1875 1514 1916 cir-

218 1973 583 2030 cumspiciendum
594 2005 608 2024 ,
644 1972 758 2028 quod
795 1977 894 2015 ante
946 1972 1159 2027 digamma
1204 1973 1306 2016 ferri
1355 1974 1490 2028 possit
1502 1992 1513 2026 3

216 2076 370 2127 πρῶτον
416 2076 459 2114 et
490 2075 631 2125 πρῶτοι
664 2071 909 2127 saepissime
940 2087 966 2114 a
996 2072 1222 2115 diorthotis
1256 2076 1511 2116 commutari

215 2186 343 2228 supra
374 2171 654 2214 ostendimus.

278 2272 359 2314 Od.
392 2274 460 2313 14.
499 2274 619 2325 510,
652 2272 867 2326 quomodo
898 2272 1111 2314 sanandus
1146 2273 1226 2323 sit,
1260 2288 1347 2315 non
1375 2273 1511 2316 video.

262 2517 288 2561 ¹)
312 2519 555 2561 Exemplorum
586 2518 714 2560 copiam
745 2519 826 2550 olim
857 2520 1075 2561 suppeditavit
1104 2529 1137 2552 v.
1162 2527 1251 2552 cnm
1284 2521 1319 2553 in
1343 2528 1456 2554 annot.
1483 2524 1526 2554 ad

215 2579 256 2611 11.
283 2581 314 2610 5.
339 2581 405 2611 308
432 2588 522 2621 seqq.
553 2580 587 2610 in
611 2578 753 2611 Miscell.
778 2579 865 2611 Phil.
891 2584 923 2612 et
945 2580 1088 2621 Paedag.
1113 2589 1198 2623 quae
1220 2581 1288 2615 vid.

1308 2661 1368 2686 Ο*

1306 2689 1331 2699 ev
