1920 2893
939 112 994 151 27

317 266 467 309 similis
523 263 854 317 constructionis
901 262 1020 305 verbi
1060 268 1203 314 μολεῖν
1241 276 1340 305 cum
1376 264 1617 307 accusativo

317 383 546 428 personae,
567 368 641 425 qui
667 369 844 438 dicitur,
865 368 1023 420 iuncti,
1046 368 1267 422 desidero;
1285 374 1435 413 contra
1453 371 1620 426 copiam

317 472 609 530 exemplorum
637 471 912 528 suppeditant
934 471 1093 524 lexica,
1121 471 1197 515 ubi
1225 485 1324 514 cum
1349 470 1494 516 dativo
1522 472 1620 515 iun-

316 575 443 629 gitur.
505 574 694 630 Recepta
721 572 866 617 autem
896 588 994 617 mea
1026 573 1287 629 suspicione,
1317 550 1564 616 coniectura
1594 588 1620 615 a

316 679 491 719 nmmo
515 675 734 732 proposita
767 673 1036 718 admittenda
1065 673 1235 717 videtur
1265 678 1470 729 totusque
1498 674 1618 717 locus

316 776 378 820 sio
406 775 636 832 legendus:

431 876 627 930 Αἴγισθον
664 879 686 927 ἦ
720 879 930 930 κρατοῦσαι
960 882 1069 924 τοῖς
1101 875 1278 928 ξένοις
1309 881 1498 929 μολεῖν

428 978 534 1027 ὅπως
566 978 742 1033 τάχιστ’
775 977 950 1031 ἄνωγεν.
984 994 1024 1022 κ.
1051 993 1091 1020 τ’.
1124 976 1158 1019 ἓ.

580 1243 738 1284 Anscn.
770 1242 962 1297 Choeph.
993 1242 1094 1282 902.
1130 1242 1235 1295 (890
1267 1240 1344 1295 Η.)

461 1351 656 1400 ἅπαντας
697 1352 862 1405 ἐχθροὺς
899 1355 978 1394 τῶν
1012 1352 1106 1394 θεῶν
1138 1353 1260 1402 ἡγοῦ
1302 1350 1441 1393 πλέον.

369 1482 544 1525 Frustra
583 1483 835 1538 interpretes
877 1483 1021 1525 conati
1062 1488 1165 1525 sunt
1195 1483 1312 1525 hunc
1349 1496 1518 1524 versum
1551 1481 1614 1523 ita

314 1582 547 1636 explicare,
577 1585 627 1623 ut
647 1581 878 1636 probabilis
904 1587 1136 1635 nostroque
1162 1581 1259 1623 loco
1283 1581 1502 1636 appositus
1520 1594 1616 1623 sen-

310 1697 382 1724 sus
414 1682 560 1724 exiret.
625 1683 818 1724 Gnorms
847 1682 996 1724 vertit:
1027 1699 1050 1720 n
1065 1695 1212 1723 omnes
1252 1681 1333 1723 tibi
1366 1682 1512 1724 hostes
1547 1682 1616 1723 iu-

314 1798 337 1820 u
351 1778 446 1822 dica
463 1782 630 1834 praeter
647 1777 809 1820 Deos.''
871 1780 1122 1821 S'rmm-:msz
1158 1797 1179 1818 n
1195 1794 1341 1822 omnes
1373 1781 1493 1836 prius
1520 1782 1614 1824 hos·

310 1896 332 1919 u
344 1883 409 1921 tes
439 1893 569 1933 quam
593 1878 710 1919 Deos
732 1877 994 1919 existimes.”
1055 1879 1317 1921 Scmm‘rzws
1335 1880 1419 1921 loci
1439 1895 1612 1923 sensum

309 1978 445 2033 magis
489 1981 685 2027 secutus,
716 1976 777 2018 sic
808 1977 964 2019 Latine
1005 1978 1171 2020 reddit:
1206 1981 1432 2022 nomnium
1468 1982 1612 2036 potius

310 2077 591 2134 „inimicitias
625 2076 706 2120 tibi
735 2077 1024 2134 suscipiendas
1054 2078 1179 2122 crede
1190 2111 1204 2131 ,
1225 2094 1355 2135 quam
1375 2080 1612 2124 Deorum.”

309 2180 381 2223 Ad
424 2184 565 2237 partes
607 2182 732 2221 vocat
770 2178 814 2221 h.
860 2178 944 2222 fab.
983 2193 1021 2220 v.
1063 2181 1148 2222 905
1163 2210 1178 2231 ,
1223 2180 1297 2235 qui
1335 2181 1446 2223 nihil
1483 2182 1614 2226 habet

310 2295 537 2324 commune
573 2294 672 2321 oum
707 2293 855 2329 versu,
886 2279 938 2321 de
976 2294 1062 2334 quo
1095 2280 1183 2322 iam
1214 2281 1393 2335 agimus.
1454 2283 1612 2338 Neque

309 2397 460 2425 anorn
492 2382 655 2432 versio,
693 2395 834 2436 neque
866 2395 974 2436 quae
1006 2395 1254 2424 scaun'rzms
1286 2383 1443 2426 Latine
1476 2384 1608 2427 inter-

250 2492 254 2495 ’
306 2487 496 2539 pretatus
544 2488 633 2534 est,
683 2482 856 2525 Graecis
903 2482 1040 2526 verbis
1076 2482 1184 2524 mihi
1221 2482 1361 2525 inesse
1394 2483 1605 2527 videntur.

304 2582 540 2640 Aeschylea
560 2582 755 2635 enim,ut
777 2582 961 2627 versioni
975 2582 1256 2626 Schiitzianae
1275 2584 1604 2641 responderent,
