1920 2893
924 105 980 144 41

304 257 432 301 Herc.
477 257 560 300 fur.
611 259 710 300 978.
749 236 807 289 ’-
846 258 952 300 Non
990 272 1101 314 nego
1141 257 1225 300 dici
1258 271 1382 314 posse
1416 256 1597 311 Ζέφυρον

303 360 566 402 ἱππεῦσαι
601 361 664 415 ¹),
704 358 1066 414 quemadmodum
1105 358 1262 418 Latine
1299 358 1409 402 bene
1444 358 1601 401 dicitur

299 465 477 505 ventum
516 461 584 504 vel
615 461 782 504 Eurum
819 462 1000 517 equitare
1011 480 1029 511 ,·
1067 461 1150 504 hoc
1182 463 1354 503 tantum
1385 458 1599 502 contendo

299 562 575 604 ἱππεῦσαι
623 560 911 615 κελάδημα
960 563 1123 605 Graece
1175 561 1260 605 dici
1306 576 1396 604 non
1448 574 1600 616 posse,

299 664 518 705 πνεῦσαι
551 635 785 714 κελάδημα
807 666 958 706 contra
994 662 1207 705 Graecum
1246 676 1337 705 esse
1373 666 1503 718 atque
1545 660 1599 704 de

299 762 494 818 Zephyro
531 762 731 819 spirando
765 763 814 805 in
852 762 973 806 coelo
1008 734 1234 819 strepifium
1272 762 1484 805 efficiente
1524 776 1598 817 op-

299 860 404 903 time
447 861 688 917 procedere.
768 864 965 906 Fortasse
1015 864 1170 918 aliquis
1226 863 1334 904 mihi
1379 863 1599 918 ingratum

297 975 411 1003 voco.
461 967 626 1005 πνοαῖσι
671 962 923 1011 πνεύσαντος
973 957 1229 1006 οοῃοιιτὲιιω
1284 961 1479 1012 obiiciet3
1521 960 1596 1003 sed

297 1074 387 1102 non
424 1061 580 1104 desunt
622 1062 814 1104 eiusdem
852 1062 1075 1117 analogiae
1119 1062 1311 1117 exempla
1353 1061 1467 1116 apud
1494 1061 1597 1117 Tra-

297 1159 426 1215 gicos.
501 1162 573 1204 Sic
622 1177 660 1205 v.
699 1176 735 1204 o.
785 1177 878 1204 mm.
927 1163 1057 1205 Herc.
1109 1163 1192 1204 fur.
1243 1163 1358 1204 1092
1401 1176 1490 1216 seq.
1536 1160 1599 1202 le-

295 1259 410 1315 gitur
419 1276 428 1301 ε

763 1391 833 1434 καὶ
874 1391 1032 1439 πνοάς
1064 1392 1215 1445 θερμάς
1251 1393 1415 1441 πνέω,

443 1490 657 1545 μετάρσι’,
690 1492 733 1534 οὐ
765 1491 952 1545 βέβαια,
986 1492 1282 1545 πνευμόνων
1313 1493 1410 1536 άπο.

344 1655 470 1696 Sora.
503 1654 650 1708 Antig.
680 1654 767 1695 586
795 1667 910 1710 seqq.

498 1815 631 1866 ὁμοῖον
662 1812 766 1856 ὥστε
802 1814 987 1862 ποντίαις

496 1910 623 1965 οἶδμα
653 1912 942 1962 δυσπνόοις
972 1910 1072 1957 ὅταν

497 2014 726 2067 Θρῄσσῃσιν
754 2012 893 2065 ἔρεβος
922 2013 1084 2068 ὕφαλον
1115 2016 1321 2071 ἐπιδράμῃ
1353 2034 1440 2060 πνο
1455 2024 1534 2067 αῖς
1543 2051 1558 2070 ,

492 2111 666 2155 κυλίνδει
706 2129 745 2156 κ.
779 2130 819 2156 τ.
854 2113 887 2156 ἓ.

325 2388 352 2434 ¹)
376 2390 505 2424 Ventos
529 2401 606 2432 equo
629 2391 684 2424 vel
707 2401 804 2424 curru
827 2391 914 2433 vehi,
937 2404 1142 2444 quamquem
1169 2402 1428 2432 consentaneum
1448 2401 1588 2441 videtur,

278 2454 390 2482 tamen
422 2461 490 2483 non
522 2456 724 2485 memoratur
754 2453 789 2485 in
820 2454 957 2497 antiqua
986 2455 1108 2489 horum
1134 2457 1271 2490 deorum
1294 2460 1518 2503 mythologica
1540 2472 1589 2494 ra-

279 2511 369 2544 tione
393 2516 426 2544 et
448 2512 665 2555 descriptione
688 2514 776 2556 apud
797 2514 900 2548 Hom.
926 2515 989 2550 Od.
1018 2520 1068 2549 10.
1123 2518 1327 2553 Recentiorie
1350 2521 1466 2554 aetatis
1489 2523 1590 2564 poeti-

278 2582 353 2605 cum
376 2572 549 2606 inventum
572 2574 656 2606 mihi
679 2583 749 2607 esse
772 2575 912 2609 videtur.
