1920 2893
931 125 985 167 61

300 280 392 335 feci
431 280 565 335 itaque
596 288 675 331 per
709 275 965 316 Laterensem
1002 272 1290 314 internuntium
1303 288 1315 312 .·
1344 269 1471 326 fidem
1513 267 1614 309 mihi

313 380 422 422 dedit
460 382 541 422 cet.
602 374 991 430 Distinguendum:
1025 344 1207 427 Profecti.
1238 372 1383 434 Itaque
1408 384 1485 425 per
1514 370 1610 411 Lat.

309 453 597 523 imm-maiam
620 477 748 533 fidem
775 476 875 517 mihi
904 474 1025 516 dedit.

901 571 1021 613 XLI.

371 669 483 715 Ibid.
515 669 582 711 16.
622 668 663 710 2.
697 664 879 709 Abiecto
923 675 1062 715 cures,
1101 662 1219 706 locus
1258 662 1319 705 ita
1356 658 1613 704 continuan-

311 771 411 816 dus:
441 777 683 827 quocumque
708 767 747 807 te
771 762 878 805 ratio
902 762 963 804 rei
983 759 1171 818 publicae
1195 760 1330 813 ducet,
1353 771 1542 816 sequare,
1569 760 1615 800 at

307 877 397 914 ante
420 872 589 925 factam
618 867 782 921 aliquod
808 869 888 907 cet.

889 955 1037 995 XLII.

373 1051 487 1096 Ibid.
525 1051 592 1093 17.
621 1050 660 1092 3.
688 1051 733 1090 ut
762 1045 950 1101 Apellam
980 1043 1036 1086 ad
1062 1056 1124 1085 me
1154 1043 1349 1092 mitteret,
1380 1052 1456 1096 quo
1483 1035 1618 1080 obside

303 1154 389 1212 fide
415 1153 526 1195 illius
549 1155 586 1193 et
603 1149 802 1192 societatis
819 1148 863 1188 in
882 1159 927 1188 re
943 1144 1109 1200 publica
1128 1141 1450 1185 administranda
1467 1128 1615 1182 uterer.

314 1252 492 1308 Requiri
530 1249 697 1293 videtur
732 1247 926 1291 societate,

879 1342 1052 1384 XLIII.

371 1441 484 1483 Ibid.
518 1442 587 1481 33.
633 1440 669 1478 1.
698 1436 856 1476 tametsi
883 1436 1036 1474 tantam
1060 1433 1327 1472 calamitatem
1351 1431 1411 1471 rei
1433 1429 1621 1482 publicae

315 1555 435 1598 quam
480 1539 708 1581 tardissime
746 1535 889 1577 audire
925 1532 1142 1588 optandum
1179 1534 1263 1582 est,
1294 1530 1364 1571 sed
1406 1529 1511 1579 illis,
1551 1529 1621 1583 qui

308 1641 498 1695 prodesse
529 1639 635 1680 nihil
655 1639 824 1691 possunt
848 1647 972 1690 neque
1003 1633 1164 1674 mederi.
1201 1630 1500 1685 Corrumpitur
1525 1643 1621 1671 sen-

316 1742 452 1784 tentia
492 1738 746 1794 interposita
789 1737 899 1778 coni.
940 1735 1030 1783 sed,
1063 1733 1166 1775 vitio
1209 1736 1301 1773 orta
1344 1745 1394 1772 ex
1429 1730 1621 1772 anteced.

318 1845 386 1882 est.
449 1840 592 1895 Igitur
621 1837 857 1880 abiiciatur.

887 1924 1049 1965 XLIV.

373 2019 485 2062 Ibid.
526 2019 605 2060 XI.
644 2019 683 2058 8.
727 2018 763 2057 1.
815 2015 939 2057 Sicut
978 1982 1362 2055 innumerabilibus
1395 2011 1525 2061 locis,
1563 2012 1624 2053 ita
1666 2037 1678 2051 .

314 2124 355 2165 h.
399 2123 428 2164 1.
478 2118 778 2175 corrigendum
830 2115 938 2171 quod
985 2114 1219 2164 scriberem,
1257 2127 1332 2168 pro
1370 2113 1479 2168 quid.
1540 2112 1625 2154 Eo-

318 2224 500 2279 demque
540 2221 669 2264 modo
705 2216 1009 2273 corrigendum
1039 2215 1151 2258 infra
1179 2216 1249 2257 25.
1288 2216 1325 2255 1.
1367 2219 1409 2256 et
1441 2213 1548 2255 XII.
1584 2215 1623 2254 3.

320 2328 358 2366 1.
398 2329 441 2366 et
474 2325 514 2364 9.
552 2325 590 2363 1.

908 2377 1044 2419 XLV.

376 2485 488 2527 Ibid.
545 2484 611 2524 12.
649 2484 688 2522 2.
733 2478 1048 2522 Consuetudini
1081 2477 1304 2518 Tullianae
1343 2476 1551 2526 satisfiet,
1591 2477 1624 2517 si

318 2585 516 2629 abiicitur
551 2582 793 2624 existimant.
