1920 2893
924 77 982 148 18*

295 263 387 301 tero
428 258 550 303 loco:
591 276 637 303 π.
676 260 709 303 ὅ.
750 262 783 314 ῥ.
827 262 923 304 κατ’
958 260 1096 304 αὐτόθ’
1129 261 1250 305 ἔσαν
1282 261 1476 312 Fciam,
1514 275 1602 316 quo

291 360 407 404 facto
438 365 621 417 uterque
652 376 797 405 versus
832 363 988 406 melius
1019 362 1235 420 procedit,
1274 378 1407 420 quum
1439 362 1486 405 in
1513 362 1600 405 lec-

293 463 415 505 tione
457 464 571 517 vulg.
616 462 779 518 syllaba
807 462 888 503 ult.
924 477 1015 505 voc.
1050 462 1145 511 ἅλις
1181 464 1268 506 arsi
1298 467 1469 507 tantum
1501 476 1600 518 pro-

291 563 494 614 ducatur,
523 563 612 605 iam
641 576 742 606 vero
770 562 985 618 positione
1016 562 1147 617 longa
1179 563 1256 606 fiat
1293 567 1344 619 ι).
1406 562 1600 606 Priorem

292 663 454 713 locum,
501 663 573 718 (Il.
610 665 680 705 17.
719 666 792 720 54)
826 664 901 719 qui
941 662 1090 705 multis
1125 657 1374 705 nominibus
1407 663 1600 712 laborat,

293 763 491 819 inprimis
545 764 600 806 ob
654 765 837 806 formam
890 764 1133 806 anomalam
1181 762 1360 814 ἆνοιβέ
1372 762 1432 815 βρ
1446 778 1469 804 υ
1479 777 1579 814 χεν
1589 793 1602 812 ,

295 880 426 919 quam
446 865 607 909 frustra
627 865 767 907 adhuc
788 864 999 920 explicare
1021 864 1166 907 conati
1187 868 1290 905 sunt
1309 864 1389 905 viri
1410 863 1525 904 docti
1547 865 1602 917 2),

294 979 383 1006 non
411 963 733 1007 sollicitandum
762 978 854 1008 esse
880 968 1011 1020 puto,
1041 963 1118 1007 sed
1147 962 1447 1019 interpolatori
1471 962 1601 1005 relin-

296 1064 541 1119 quendum,
583 1065 740 1121 quippe
772 1065 846 1120 qui
885 1079 1054 1107 versum
1085 1064 1338 1115 inseruerit,
1370 1077 1457 1119 quo
1493 1068 1603 1106 tem-

291 1178 395 1218 pore
434 1179 525 1207 voc.
570 1163 667 1212 ἅλις
707 1165 922 1220 digamma
958 1165 1006 1206 in
1043 1164 1375 1207 desuetudinem
1412 1163 1601 1206 abiisset.

297 1265 370 1307 Ne
417 1264 512 1320 quis
561 1265 671 1307 mihi
723 1265 899 1308 obiiciat
945 1279 1015 1308 me
1061 1269 1224 1307 temere
1271 1264 1388 1306 huffe
1435 1278 1605 1306 versum

299 1379 475 1424 nomano
504 1364 792 1416 abiudicasse,
823 1380 950 1421 supra
976 1364 1118 1408 allatis
1147 1364 1300 1411 νοθείας
1324 1363 1495 1429 indiciis
1521 1363 1604 1405 hoc

303 1481 476 1521 quoque
520 1466 658 1517 addo,
707 1465 858 1508 eodem
905 1465 987 1508 hoc
1029 1465 1139 1508 libro
1179 1480 1218 1507 v.
1260 1467 1352 1507 450
1387 1480 1476 1508 voc.
1512 1463 1608 1512 ἅλις

301 1567 388 1620 legi
419 1567 567 1621 ibique
599 1567 814 1621 digamma
846 1581 935 1608 non
965 1580 1177 1621 respuere.
1227 1567 1369 1616 Nam,
1400 1571 1451 1607 ut
1475 1566 1529 1606 Il.
1558 1569 1609 1615 5,

305 1669 415 1718 349,
447 1666 721 1710 scribendum
756 1671 845 1710 est:
878 1667 902 1717 ἢ
932 1669 975 1710 οὐ
1007 1666 1157 1714 Fabam.
1195 1666 1291 1722 (Off.
1321 1667 1375 1708 ΙΙ.
1408 1669 1478 1709 23.
1498 1669 1611 1720 670,-

309 1766 391 1809 Od.
424 1768 464 1809 2.
500 1769 589 1810 312
621 1772 665 1810 et
700 1768 889 1823 passim.)
963 1768 1064 1810 Nisi
1103 1783 1141 1809 v.
1189 1770 1243 1810 57
1288 1768 1459 1810 serioris
1501 1772 1612 1810 esset

308 1868 482 1918 aetatis,
533 1881 669 1923 aeque
719 1882 768 1910 ac
818 1882 856 1910 v.
906 1870 996 1910 450
1037 1868 1168 1912 ferret
1217 1868 1263 1911 τὸ
1308 1869 1359 1912 F.
1432 1869 1612 1925 Spurius

310 1982 410 2023 ergo
450 1972 515 2011 est
541 1968 761 2011 habendus
774 1986 787 2021 ,-
825 1984 955 2025 quam
988 1970 1275 2021 sententiam,
1307 1984 1432 2014 versu
1465 1969 1613 2026 despe-

310 2074 432 2120 rato,
479 2070 730 2124 ceteroquin
777 2085 867 2112 non
912 2075 1076 2114 temere
1121 2072 1484 2127 pronuntiandam
1525 2086 1619 2115 esse

311 2183 479 2213 GenSCO.
511 2194 570 2202 —

354 2409 383 2454 ¹)
405 2410 597 2454 Requiritur
627 2420 759 2453 quoque
786 2411 956 2452 digamma
986 2410 1103 2454 hymn.
1131 2411 1167 2443 in
1199 2411 1315 2453 Apoll.
1351 2412 1411 2451 74,
1435 2416 1472 2444 ut
1495 2411 1625 2454 syllaba

306 2472 426 2505 ultima
459 2482 531 2505 voc.
569 2473 704 2516 καρπὸς
728 2472 926 2515 producatur
949 2473 1110 2515 positione
1117 2487 1125 2511 ς
1162 2477 1278 2505 contra
1312 2472 1437 2516 respuit
1456 2472 1542 2506 hanc
1572 2473 1623 2506 lit-

307 2538 412 2565 teram
435 2534 679 2565 recentissimus
699 2533 815 2575 hymn.
841 2534 875 2565 in
899 2534 1018 2566 Herm.
1048 2535 1130 2572 179,
1160 2536 1243 2572 180,
1269 2535 1346 2564 493.

345 2591 372 2633 2)
396 2592 447 2626 Cf.
473 2602 721 2632 nurrMAxNus,
744 2593 924 2626 Lexil.'11.
946 2603 978 2634 p.
1005 2596 1067 2625 123
1093 2602 1183 2635 seqq.
