1920 2893
917 98 975 137 40

294 243 575 292 ἱππεύσαντος
602 240 805 290 annotat:
830 248 1023 302 Σφοδρῶς
1049 235 1520 296 καταπνεύσα“ντος
1546 249 1593 301 ἐξ
1638 270 1641 272 >

294 343 422 398 ὕψους
463 347 510 390 τὸ
556 346 782 391 κάλλιστον
817 349 966 393 ἑαυτοῦ
1002 353 1183 402 πνεῦμα.
1246 351 1300 393 In
1335 351 1514 406 quibus,
1547 350 1594 392 ni

292 445 444 499 fallor,
485 448 674 504 genuina
720 451 873 504 poetae
929 464 1083 494 manus
1139 451 1286 495 statim
1331 451 1594 508 agnoscitur,

295 548 370 602 qui
406 548 499 590 sine
536 548 668 592 dubio
706 550 897 605 scripsit:
1112 531 1122 541 ⁴

751 650 937 705 Ζεφύρου
971 657 1151 694 πνοαῖ-

601 769 649 794 σι
684 753 1027 801 πνεύσαντος
1061 756 1100 796 ἐν
1131 755 1279 807 οὐρανῷ

658 871 669 877 ·
690 853 917 896 κάλλιστον
948 853 1185 906 κελάδημα.

290 956 424 998 Haud
453 969 522 997 me
550 955 690 1009 fugit,
734 955 845 997 viros
889 954 1038 997 doctos
1079 956 1207 997 variis
1239 942 1378 998 modis
1418 962 1595 1000 conatos

293 1069 383 1098 esse
429 1055 546 1098 hunc
585 1055 731 1098 locum
772 1055 996 1110 expedire,
1033 1070 1167 1110 quum
1204 1057 1568 1099 constructionem
1583 1088 1596 1108 ,

294 1171 405 1211 quae
434 1156 592 1198 dicitur
606 1187 619 1206 ,
652 1155 920 1198 laborantem
957 1154 1165 1198 viderent.
1228 1156 1459 1199 Quomodo
1495 1169 1597 1198 vero

292 1256 493 1312 explicari
521 1256 712 1312 possint:
756 1255 939 1309 Ζέφυρον
975 1260 1119 1302 πνοαῖς
1153 1256 1415 1298 ἱππεῦσαι
1452 1256 1492 1298 ἐν
1530 1257 1594 1298 οὐ-

293 1357 398 1409 ρανῷ
434 1356 662 1398 κάλλιστον
698 1354 944 1406 κελάδημα,
982 1369 1052 1397 me
1083 1370 1172 1398 non
1205 1355 1445 1410 intelligere
1476 1355 1596 1409 inge-

291 1471 378 1499 nue
411 1458 564 1499 fateor.
624 1458 985 1499 VAncngEmns
1024 1461 1068 1499 et
1098 1471 1313 1499 nominans
1337 1459 1370 1512 ¹)
1407 1456 1593 1498 difficul-

292 1562 404 1600 tates
444 1557 670 1600 sustulisse
714 1558 796 1600 sibi
840 1558 922 1599 visi
965 1562 1089 1607 sunt,
1135 1558 1171 1599 si
1202 1557 1332 1600 verba
1369 1557 1596 1600 κάλλιστον

294 1655 518 1708 κελάδημα
560 1655 676 1699 nude
705 1655 765 1698 sic
799 1655 941 1711 posita
970 1669 1062 1698 esse
1094 1655 1449 1710 intelligerentur.
1513 1656 1598 1699 Hic

294 1756 349 1797 ad
395 1770 518 1797 suam
562 1755 812 1809 opinionem
856 1753 1216 1796 corroborandam
1253 1754 1296 1795 h.
1330 1754 1415 1796 fab.
1451 1755 1598 1805 attulit

292 1860 333 1887 v.
368 1847 469 1887 655.
548 1844 635 1886 Sed
676 1843 806 1885 huius
850 1843 935 1885 loci
983 1843 1068 1884 alia
1108 1843 1219 1884 ratio
1262 1847 1339 1885 est.
1415 1843 1597 1896 Βάκχιον

294 1941 487 1997 χόρευμα
533 1941 745 1998 appositio
790 1946 877 2013 est*
902 1955 1024 1998 pron.
1070 1939 1126 1983 ὅν.
1186 1941 1322 1985 Porro
1354 1944 1599 1998 provocavit
1649 1962 1653 1965 ·

296 2046 350 2089 ad
383 2060 478 2087 nun.
511 2045 650 2087 Orest.
681 2046 793 2085 499:
825 2042 1047 2095 αἴσχιστον
1079 2042 1221 2096 ἔργον,
1254 2044 1297 2085 οὐ
1333 2044 1416 2098 γαρ
1451 2045 1596 2088 αἰνέσω

295 2145 426 2194 ποτέ;
457 2145 532 2200 qui
569 2159 675 2187 vers.
710 2143 820 2185 nihil
850 2158 928 2198 pro
960 2143 1118 2186 summi
1148 2144 1228 2185 viri
1259 2144 1473 2186 sententia
1501 2160 1597 2200 pro-

296 2248 384 2290 bat.
467 2245 661 2301 Respicit
712 2244 828 2287 enim
870 2243 926 2286 ad
977 2243 1276 2299 praecedentia
1320 2245 1600 2301 continetque

299 2347 478 2391 effatum
503 2347 549 2388 in
576 2344 824 2404 parenthesi*
850 2344 1070 2396 additum,
1104 2345 1221 2400 quod
1249 2345 1401 2389 itidem
1431 2347 1599 2395 obtinet

334 2565 360 2608 ¹)
386 2565 486 2599 Vidd.
511 2572 667 2597 Domum
692 2561 894 2595 Adversarius
917 2562 959 2594 ad
982 2561 1062 2594 Eur.
1087 2562 1190 2595 Herc.
1215 2562 1278 2595 fur.
1303 2573 1335 2596 v.
1363 2567 1440 2596 978.
