1920 2893
929 128 984 169 13

314 294 335 315 a
348 277 430 329 sit,
467 281 503 321 εὶ
539 293 636 322 vera
667 283 777 331 sunt,
806 294 910 336 quae
944 282 992 323 de
1023 283 1157 323 littera
1198 282 1363 324 Aeolica
1398 281 1600 337 disputari

310 380 495 421 aeolent:
538 393 577 420 v.
608 347 692 430 44,Α
724 381 806 431 54,
838 382 923 431 85,
955 382 1037 432 86,
1070 381 1180 432 134,
1214 382 1323 431 170,
1354 382 1467 431 233,
1498 383 1597 424 257.

310 494 332 516 rs
344 479 462 519 Nam
501 492 538 519 v.
583 480 668 520 136
705 483 749 521 et
786 481 874 523 279
910 480 1227 537 interpolatoris
1268 494 1358 523 esse
1404 480 1602 535 equidem

307 595 331 616 n
347 578 588 621 existimo.'’
657 580 797 623 Nobis
834 586 978 624 autem
993 613 1006 631 ,
1041 582 1193 636 quibus
1225 596 1475 638 persuasum
1510 586 1599 632 est,

304 693 414 733 quae
453 679 506 722 de
552 679 810 735 digammate
853 680 1061 736 disputari
1100 681 1265 731 solent,
1305 696 1394 724 esse
1430 682 1598 725 verissi-

301 794 397 830 ma,
446 782 602 836 (neque
645 781 770 824 aliter
809 781 955 836 aequis
993 780 1206 824 iudicibus
1242 780 1471 837 videbitur)
1508 796 1598 823 ver-

301 894 372 921 sus
410 894 537 936 supra.
570 880 766 923 laudatos
801 852 1017 937 dubioque
1053 881 1261 924 obnoxios
1293 881 1438 936 paullo
1475 895 1599 923 accu-

302 979 436 1022 ratius
479 986 662 1023 tractare
709 982 757 1022 in
793 982 938 1025 animo
976 987 1040 1025 est
1083 982 1297 1036 simulque
1339 981 1595 1037 periclitari,

301 1082 406 1137 quid
455 1083 509 1125 ad
556 1098 699 1126 veram
748 1083 979 1126 lectionem
1020 1082 1301 1125 revocandam
1338 1083 1476 1125 valeat
1517 1097 1592 1152 ne-

250 1188 252 1191 ’
298 1182 426 1237 glecti
458 1182 728 1238 digammatis
753 1182 982 1226 restitutio.

357 1285 411 1326 V.
443 1286 497 1335 6,
530 1298 659 1340 quem
688 1284 899 1327 intactum
926 1283 1102 1339 reliquit
1131 1299 1402 1336 annuamus,
1435 1289 1591 1341 putans

297 1385 511 1440 digamma
561 1388 658 1439 post
702 1384 891 1426 litteram
938 1388 1245 1426 consonantem
1284 1390 1327 1427 et
1369 1385 1592 1429 elisionem

295 1487 450 1529 servari
481 1500 604 1541 posse
631 1485 818 1540 legique:
851 1486 978 1526 πᾶσιν
1012 1484 1191 1536 δῬέργοε
1217 1500 1256 1527 κ.
1278 1500 1318 1526 τ.
1345 1485 1383 1536 ἐ,
1421 1486 1588 1540 (eodem

297 1599 437 1628 errore
463 1585 605 1641 lapsus
642 1599 727 1639 quo
751 1598 990 1634 multamus,
1018 1584 1091 1639 qui
1121 1588 1367 1639 portentum
1387 1585 1586 1638 δἜίαχε,

292 1690 372 1729 cet.
410 1686 512 1728 tulit
541 1689 605 1740 ¹),
635 1686 762 1728 facile
792 1685 933 1727 sanari
958 1689 1111 1740 potest.
1157 1685 1211 1725 In
1240 1688 1441 1740 promptu
1472 1685 1586 1728 enim

293 1793 358 1832 est
397 1787 628 1843 corrigere:
672 1788 801 1828 πᾶσι
841 1786 891 1827 δὲ
926 1758 1314 1837 Γέργοιχμέμηλεν
1346 1802 1384 1828 κ.
1408 1802 1448 1828 τ.
1472 1786 1514 1838 ὲ,
1562 1802 1586 1830 e

290 1886 471 1930 solemni
508 1899 766 1928 Amsmncm
802 1885 1065 1935 mutatione,
1100 1899 1210 1940 quae
1243 1886 1348 1928 locis
1385 1887 1583 1930 innume-

288 1986 492 2030 rabilibus
525 1985 716 2028 recurrit.

348 2087 403 2129 V.
443 2087 502 2128 44
531 2064 574 2129 et
606 2086 691 2128 134
717 2098 817 2141 pro:
850 2083 954 2127 κέδν’
993 2085 1143 2128 εἰδυῖαν
1173 2085 1254 2141 leg,
1285 2100 1399 2130 esse:
1432 2089 1582 2133 κεδνοὶ

289 2187 515 2229 Γιδυῖαν
548 2185 735 2227 dubitari
766 2185 916 2240 nequit
948 2189 1000 2241 ²).

346 2290 401 2330 V.
446 2290 503 2329 54
550 2287 728 2328 vitiosus
780 2290 845 2328 est
888 2291 1062 2341 propter
1100 2287 1313 2341 digamma
1349 2303 1438 2331 voc.
1477 2290 1580 2339 Ἴδη.

322 2466 348 2510 1)
372 2468 435 2502 cff.
459 2478 544 2512 quae
567 2479 665 2512 supra
688 2470 729 2503 de
752 2470 854 2503 verbo
882 2470 1024 2515 Ριάχειν
1048 2472 1204 2505 annotavi
1226 2472 1269 2504 ad
1292 2472 1332 2505 11.
1359 2475 1390 2504 2.
1417 2475 1494 2506 216.

321 2525 349 2568 2)
371 2527 433 2561 Cff.
450 2539 534 2571 quae
555 2530 596 2563 de
618 2530 800 2563 Homerica
823 2531 930 2564 forma
946 2532 1063 2571 Ftda,
1084 2537 1145 2565 cet.
1168 2533 1321 2566 disseruit
1332 2542 1366 2567 v.
1381 2542 1471 2567 GEN'r
1483 2534 1540 2567 Iib.
1554 2535 1589 2575 1.,

276 2588 318 2620 ad
339 2588 380 2620 11.
410 2591 437 2620 1.
468 2593 549 2629 124,
578 2594 657 2630 131,
682 2593 765 2631 365,
791 2594 868 2624 608.
