1920 2893
955 56 1013 96 48

554 229 559 234 ·
614 199 717 246 εἶναι
750 203 817 246 τὸν
850 203 932 246 υἱὸν
964 201 1132 246 δεινόν
1164 204 1197 245 οἱ

611 305 835 357 γνώμας
867 304 1133 363 ἐναντίας
1165 303 1357 355 λέγειν

609 411 780 448 τοῖσιν
813 403 1078 457 δικαίοις,
1111 404 1215 449 ὥστε
1247 422 1304 449 νι-

609 508 687 548 κᾶν
719 504 982 554 ἅπαντας.

321 610 446 652 Quae
472 607 587 650 in'ter
618 621 664 650 se
694 606 852 650 collata
883 607 992 650 mihi
1025 621 1202 663 arguere
1237 606 1439 650 videntur
1475 609 1623 653 verba:

321 705 462 760 οἶα-περ
503 705 555 749 ἂν
595 706 875 760 ξυγγένηται,
910 722 1000 751 non
1039 708 1179 752 solum
1217 723 1308 752 non
1336 709 1523 766 requiri,
1554 724 1626 754 ve-

319 822 417 850 rum
446 821 620 863 prorsus
650 807 880 850 abundare.

384 908 538 956 Quibus
585 909 720 962 igitur
753 909 909 958 eiectis,
941 908 1208 964 antistrophe
1238 922 1337 951 cum
1370 909 1544 964 strophe
1574 909 1628 951 ab

320 1009 441 1053 omni
476 1013 597 1066 parte
626 1008 859 1053 concinnat
894 1023 1181 1065 versuumque
1220 1023 1424 1054 numerus
1456 1013 1521 1054 est
1557 1023 1627 1053 ae-

320 1114 488 1166 quatus.

674 1435 825 1476 Ams'r.
864 1433 983 1476 Nub.
1026 1434 1142 1475 1350
1178 1446 1267 1488 seq.

479 1577 580 1619 ἀλλ’
612 1576 693 1618 ἔσθ’
723 1574 803 1629 ὅτῳ
834 1574 1095 1629 θρασύνεται·
1122 1574 1271 1624 δῆλον
1302 1574 1353 1616 τὸ
1388 1574 1507 1627 λῆμ’

738 1675 852 1718 ἐστὶ
892 1676 1208 1728 τάνθρώπου.

377 1829 440 1871 Hi
470 1841 644 1877 versus,
676 1826 750 1881 qui
782 1839 881 1868 eum
908 1825 1227 1880 antistrophicis
1264 1826 1379 1867 1396
1410 1839 1524 1880 seq.:

511 1927 556 1970 τὸ
592 1926 721 1980 δέρμα
753 1928 833 1967 τῶν
864 1923 1109 1977 γεραιτέρων
1135 1923 1342 1976 λάβοιμεν
1375 1924 1425 1966 ἂν

732 2026 835 2067 ἀλλ’
870 2023 950 2066 οὐδ’
984 2023 1201 2077 ἐρεβίνθου.

316 2144 407 2172 non
434 2127 708 2183 conspirant,
739 2139 854 2168 voce.
885 2123 1223 2180 transpositione
1250 2123 1497 2178 insertaque
1526 2137 1622 2180 par-

315 2231 449 2275 ticula
479 2230 530 2283 γὲ
565 2232 664 2285 post
693 2227 836 2276 δῆλον,
866 2226 913 2267 in
946 2224 1141 2268 ordinem
1169 2223 1306 2280 redigi
1336 2228 1517 2280 possunt
1539 2223 1621 2267 hoc

314 2331 467 2375 modo:

445 2431 546 2472 ἀλλ’
579 2428 661 2472 ἔσθ’
695 2425 772 2480 ὅτῳ
801 2425 1058 2479 θρασύνεται·
1093 2423 1248 2472 δῆλόν
1281 2439 1341 2474 γε
1380 2425 1499 2465 τάν-

686 2526 969 2581 θρώπούστ)
1005 2526 1059 2568 τὸ
1092 2530 1254 2577 λῆμα.
