1920 2893
951 124 1009 164 62

891 274 1054 318 XLVI.

380 376 492 420 Ibid.
532 378 603 420 27.
632 379 672 419 7.
700 376 949 420 Similitudo
979 377 1197 433 sequentis
1227 376 1416 434 syllabae
1443 376 1548 420 fecit
1576 380 1628 418 ut

321 476 535 520 excideret
569 491 763 532 pronom.
801 480 851 517 te.
934 476 1187 530 Legendum
1233 481 1298 520 est
1347 451 1431 519 tain
1477 481 1517 518 te
1559 477 1628 518 de-
1693 524 1695 527 ¹
1777 501 1785 507 -

311 577 501 631 fendam.

879 665 1069 709 XLVII.

378 775 492 819 Ibid.
534 775 643 818 XII.
694 777 731 818 1.
774 779 814 819 1.
860 780 906 818 ut
947 780 1105 818 tantum
1145 777 1281 818 odium
1321 777 1428 819 illud
1460 777 1630 819 hominis

320 877 473 930 impuri
505 880 543 918 et
574 877 779 919 servitutis
811 877 925 917 dolor
954 876 1142 929 depastus
1172 889 1255 917 esse
1283 877 1482 918 videatur.
1542 877 1629 917 Ve-

319 990 411 1020 ram
443 977 677 1020 lectionem
710 976 903 1032 suspicor
940 989 1031 1019 esse
1068 978 1257 1031 sepultus.

865 1075 1082 1118 XLVIII.

379 1174 492 1218 Ibid.
519 1177 589 1218 25.
626 1176 665 1219 1.
691 1175 1086 1231 Obtemperandum
1122 1181 1187 1219 est
1222 1176 1425 1218 Manutio
1437 1207 1450 1227 ‚
1480 1180 1524 1218 et
1553 1176 1627 1218 ab-

253 1317 259 1321 ,
318 1273 553 1325 iiciendum
584 1275 796 1330 glossema
828 1276 876 1316 id
908 1278 965 1316 est
1006 1275 1174 1317 Calvisii
1207 1277 1245 1314 et
1282 1275 1421 1316 Tauri.

900 1373 1065 1415 XLIX.

377 1473 490 1516 Ibid.
524 1476 565 1516 3.
598 1474 764 1517 Iterum
795 1474 1040 1530 probandus
1071 1474 1297 1516 Manutius
1311 1506 1323 1524 ,
1364 1474 1438 1528 qui
1470 1488 1493 1517 e
1523 1473 1629 1518 duo-

321 1574 401 1616 bus
438 1574 559 1617 libris
604 1574 763 1618 edidit:
798 1574 893 1628 fait
934 1575 1039 1616 enim
1086 1575 1192 1615 illud
1229 1575 1429 1629 quoddam
1471 1587 1630 1617 caecum

320 1679 476 1729 tempas
503 1675 730 1725 servitutis,
761 1689 850 1717 non
876 1687 1081 1729 yraecum.

932 1774 1025 1816 LX.

381 1874 494 1917 Ibid.
516 1876 587 1916 30.
608 1876 650 1915 6.
673 1874 812 1916 Sicuti
835 1874 941 1916 haec
971 1873 1040 1916 edi
1071 1874 1234 1924 solent,
1265 1880 1411 1917 carent
1439 1874 1629 1929 apodosi.

323 1974 480 2029 Itaque
527 1974 609 2016 hoc
652 1973 783 2016 modo
836 1973 1167 2028 redintegranda
1213 1980 1337 2017 sunt:
1404 1976 1556 2016 Ceteris
1587 1975 1635 2015 de

322 2074 465 2124 rebus,
507 2074 682 2115 maoeime
714 2087 817 2128 quae
849 2074 898 2115 de
928 2075 1103 2128 pecunia
1117 2106 1129 2125 ‚
1167 2088 1290 2129 quum
1321 2075 1483 2115 Pansae
1525 2087 1631 2115 mor-

322 2177 402 2214 tem
430 2174 662 2228 iynorares,
693 2173 919 2227 scripsisti,
953 2186 1056 2228 quae
1079 2186 1160 2228 per
1190 2186 1262 2214 nos
1292 2173 1344 2214 ab
1375 2187 1420 2214 eo
1451 2175 1634 2230 consequi

324 2278 362 2315 te
396 2287 515 2328 posse
546 2273 795 2314 arbitrarere
801 2305 815 2325 ,
852 2287 901 2315 ea
932 2277 970 2315 te
998 2287 1077 2315 non
1097 2274 1370 2328 fefellissent,
1403 2275 1440 2315 si
1468 2276 1630 2317 viveret.

949 2373 1027 2414 LI.

386 2472 499 2514 Ibid.
530 2472 688 2513 XIII.-
710 2473 748 2514 1.
784 2475 823 2515 3.
857 2473 904 2515 Is
939 2474 1067 2527 iyitur
1103 2473 1257 2524 Patro,
1291 2472 1517 2515 abiiciatur
1555 2487 1633 2515 no-

295 2588 395 2617 men
435 2573 667 2629 proprium.
