1920 2893
932 138 983 178 51

316 284 470 340 cuique
500 284 656 339 λάβρος
694 288 968 339 restituatur,
1000 302 1139 344 neque
1173 301 1415 330 nznono'rus
1454 287 1615 331 diutius

312 401 390 430 sua
413 401 547 430 manu
569 391 727 431 careat.
765 390 872 431 Non
895 403 1042 432 omnes
1064 390 1150 432 loci
1177 389 1285 432 mihi
1307 390 1610 440 innotuerunt,

309 486 385 530 ubi
433 492 630 544 corrupte
680 489 873 543 λαμπρὸς
920 505 997 546 pro
1039 468 1195 543 λάβρος
1240 490 1399 545 legitur
1409 508 1423 543 ,-
1462 495 1608 533 tamen

306 586 414 629 mihi
454 602 704 643 persuasum
745 593 810 632 est
839 589 1000 646 ubique
1035 590 1225 634 solemne
1255 590 1477 646 epitheton
1515 605 1606 633 esse

304 687 636 731 rescribendum.
696 689 906 732 Adiectiv.
939 689 1072 744 igitur
1103 688 1259 743 λάβρος
1273 722 1287 741 ,
1317 691 1431 745 apud
1467 691 1605 734 bonae

303 791 432 830 notae
464 789 689 844 scriptores
723 789 776 831 de
806 792 934 831 vento
972 788 1267 830 vehementius
1298 790 1485 844 spirante
1516 790 1604 831 usi-

302 891 465 938 tatum,
505 903 786 931 ARISTOPHAM
829 903 1001 944 quoque
1043 893 1108 932 est
1144 888 1424 931 reddendum.
1484 891 1603 931 Nam

299 992 475 1032 ventum
527 989 611 1032 dici
662 1004 787 1046 posse
841 991 1106 1045 splendentem
1142 991 1212 1033 vix
1260 991 1455 1045 intelligo
1471 1022 1484 1042 ,
1521 1004 1601 1033 nec

298 1102 557 1144 quemquam
588 1094 894 1132 concocturum
926 1104 1018 1133 esse
1055 1090 1257 1140 arbitror,
1295 1090 1381 1132 nisi
1414 1091 1495 1133 sibi
1529 1105 1600 1133 su-

295 1194 386 1231 mat
412 1190 460 1230 in
494 1193 670 1232 ventum
703 1190 929 1233 convenire
963 1190 1183 1240 adieetiv„
1214 1189 1330 1245 quod
1362 1191 1409 1231 in
1441 1190 1597 1242 solem,

292 1290 463 1341 lunam,
492 1291 662 1341 stellas,
686 1291 852 1332 fulmen
878 1294 1104 1345 ceteraque
1133 1288 1320 1342 μετέωροι
1341 1290 1492 1351 cadere
1516 1305 1596 1333 no-

293 1395 387 1432 tum
423 1394 499 1433 est.
562 1391 751 1432 Omnino
791 1390 883 1432 fieri
926 1390 1096 1445 potuit,
1125 1394 1176 1431 ut
1214 1389 1366 1432 adiect.
1399 1389 1592 1442 λαμπρὸς

291 1494 434 1533 ortum
475 1489 532 1532 sit
575 1505 598 1533 e
635 1490 788 1533 vitiosa
820 1504 910 1532 voc.
942 1489 1099 1543 λάβρος
1134 1490 1367 1546 scriptura,
1398 1505 1507 1545 quae
1543 1491 1590 1533 in

287 1590 410 1633 codd.
449 1590 671 1632 nonnullis
707 1590 990 1646 conspicitur,
1020 1590 1095 1632 ubi
1132 1600 1199 1631 λοο
1215 1591 1236 1632 ύ
1249 1606 1268 1643 ρ
1283 1606 1300 1632 ο
1314 1607 1333 1637 ς
1370 1595 1592 1633 exaratum

285 1695 363 1733 est.
424 1691 495 1732 Sic
536 1691 628 1732 cod.
669 1691 812 1733 Guelf.
846 1690 902 1732 ad
934 1691 1049 1733 Pers.
1084 1692 1169 1731 108
1203 1689 1376 1732 exhibet
1416 1690 1591 1742 λοούρῳ

281 1805 358 1846 pro
399 1789 571 1844 λοὶβρῳς
615 1790 670 1832 ad
700 1791 844 1832 Prom.
880 1793 966 1833 329
1003 1790 1061 1842 μὴ
1101 1790 1376 1843 λοουροστόμει
1409 1807 1487 1847 pro
1525 1793 1584 1843 μὴ

281 1889 601 1942 λαβροστόμει.’
642 1890 887 1933 Verisimile
932 1884 1041 1931 mihi
1088 1890 1258 1932 videtur
1293 1904 1316 1932 e
1349 1905 1477 1945 prava
1509 1891 1591 1933 hac

280 1990 493 2032 scribendi
545 1990 712 2033 ratione
760 2005 850 2032 voc.
899 1989 1101 2041 λοούρος
1155 1991 1407 2045 profluxisse
1455 1991 1584 2033 aliam

277 2091 508 2134 lectionem
547 2091 759 2144 λοομρὸς
797 2090 1241 2146 (λαύροςτ-λαυμος)
1279 2095 1322 2132 et
1355 2090 1456 2133 inde
1493 2105 1584 2134 voc.

277 2192 413 2247 magis
465 2196 619 2235 notum
671 2192 878 2245 λαμπρός.
941 2191 1072 2234 Quod
1097 2191 1153 2233 ad
1183 2192 1469 2246 quantitatem
1507 2207 1580 2247 pe-

278 2294 388 2336 nult.
425 2294 519 2348 syll.
561 2308 651 2335 voc.
684 2291 868 2344 λάβρος,
901 2292 954 2335 de
986 2306 1036 2334 ea
1072 2292 1133 2333 sic
1164 2291 1271 2333 mihi
1304 2292 1581 2334 statuendum

275 2393 470 2444 videtur,
516 2398 567 2435 ut
612 2401 670 2434 λοι
722 2392 769 2434 in
817 2391 901 2434 arsi
941 2391 1225 2447 producatur,
1257 2369 1389 2447 quum
1427 2393 1582 2436 natura

276 2495 414 2536 brevis
453 2494 521 2535 sit.
584 2494 664 2534 Off.
693 2508 786 2538 nun.
822 2495 961 2536 Orest.
997 2496 1110 2544 697,-
1141 2494 1258 2548 Cycl.
1291 2496 1391 2535 403.
1454 2496 1587 2538 Ams-

277 2609 489 2637 rromum-„s
542 2598 690 2636 nostro
743 2595 838 2636 loco
887 2596 1078 2649 regulam
1125 2599 1297 2637 secutus
1343 2601 1437 2646 est,
1487 2613 1596 2651 quae

1306 2687 1372 2728 4*
