1920 2893
942 90 999 143 50

314 243 606 294 comparetur,
637 254 808 291 vereor,
838 255 893 284 ne
930 241 1104 298 perierit
1137 241 1381 297 epitheton,
1413 241 1528 296 quod
1545 239 1620 285 ‘de

311 343 439 381 vento
481 340 676 384 solemne
706 346 781 384 est.
855 343 951 384 Iam
965 373 978 393 ,
1010 341 1115 397 quid
1147 355 1459 384 Ans-rorans
1489 341 1620 398 scrip-

311 440 440 490 serit,
482 441 554 483 diu
607 442 740 484 latere
785 456 875 483 non
925 447 1081 497 potest.
1154 442 1430 498 Exquisitum
1467 441 1619 483 adieet.

309 540 364 584 de
406 548 535 584 vento
582 556 683 584 cum
733 542 898 598 impetu
942 543 1135 598 spirante
1185 530 1341 598 atque,
1369 546 1421 585 ut
1448 542 1623 597 opinor,

309 641 584 684 notissimum
623 647 688 686 est
721 641 945 700 λάβρος,
975 642 1163 698 indeque
1195 642 1290 685 adv.
1321 641 1505 695 λάβρως.
1553 640 1625 682 Sic

307 756 343 782 v.
365 756 401 783 c.
441 742 557 798 apud
591 757 696 785 nou.
729 744 784 785 ΙΙ.
821 746 861 786 2.
904 746 986 785 14⁷
1028 757 1117 799 seq.
1152 741 1359 798 legimus:

392 845 475 890 “Ως
509 843 545 884 δ’
578 841 646 885 ὅτε
679 845 832 893 κινήσει
872 844 1054 897 Ζέφυρος
1091 844 1204 895 βαθὺ
1238 844 1352 892 λήϊον
1384 842 1536 889 ἐλθών,

398 941 606 995 λάβρος
638 942 878 996 ἐπαιγίζων.
912 958 951 985 κ.
985 958 1025 985 τ.
1062 944 1093 985 ἑ.

374 1041 455 1083 Od.
492 1043 559 1084 15.
593 1043 682 1084 292
711 1056 825 1099 seq.:

399 1146 505 1184 τοῖσι
539 1141 581 1183 δὲ
613 1141 820 1194 Ρίγριενον
853 1139 962 1196 οὖρον
994 1142 1044 1186 ἵει
1078 1146 1324 1195 γλαυκῶπις
1364 1144 1536 1193 Ἀθήνη,

405 1241 600 1293 λάβρον
634 1242 909 1296 ἐπαιγίζοντα
946 1242 996 1284 δι’
1035 1241 1203 1295 αἰθέρος.
1246 1257 1285 1284 κ.
1308 1258 1348 1284 τ.
1372 1242 1405 1284 ἐ.

316 1342 371 1382 In
403 1357 546 1385 Aescu.
579 1343 697 1385 Pers.
735 1344 821 1384 108
855 1356 973 1397 seqq.
1009 1342 1165 1385 chorus
1198 1341 1340 1384 canit:

551 1442 700 1495 ἔμαθον
737 1441 772 1485 δ’
811 1441 991 1495 εὐπόροιο
1021 1442 1237 1492 θαλάσσης

546 1540 861 1593 πολιαινομένης
895 1540 1164 1592 πνεύματι
1201 1539 1409 1592 λάβρῳ,

547 1643 688 1693 ἐσορᾶν
721 1640 880 1683 πόντιον
919 1640 1064 1688 ἄλσος.
1100 1656 1137 1682 κ.
1160 1656 1199 1682 τ.
1224 1641 1255 1682 ἑ.

248 1792 272 1801 α
382 1743 517 1784 Porro
558 1756 583 1783 a
624 1755 738 1783 mon.
769 1742 823 1782 V.
867 1743 925 1782 26
956 1739 1149 1791 ἄνεμοι
1185 1740 1388 1783 dicuntur
1418 1739 1634 1793 λάβρως

327 1841 660 1896 καταιγίζοντες.
726 1841 870 1883 Hujus
898 1840 983 1883 fab.
1004 1856 1043 1883 v.
1072 1842 1159 1883 760
1185 1841 1334 1883 eadem
1353 1855 1463 1896 quae
1486 1847 1634 1884 nostro

326 1943 423 1984 loco
480 1941 685 1991 occurrit,
735 1940 923 1995 imagine
974 1939 1112 1982 utitur
1149 1942 1278 1995 poeta
1318 1944 1361 1983 et
1398 1940 1639 1996 iunguntur

330 2042 458 2088 πολὺς
502 2041 572 2082 καὶ
619 2039 835 2092 λαμπρός;
877 2039 1048 2081 nullum
1089 2042 1154 2080 est
1198 2039 1402 2090 dubium,
1438 2040 1544 2096 quin
1575 2040 1637 2083 ibi

329 2155 502 2197 quoque
524 2139 662 2192 λάβρ
677 2155 725 2187 ος
751 2140 809 2182 sit
834 2139 1163 2183 restituendum.
1204 2141 1517 2197 Lexieographi
1544 2142 1639 2197 qui-

331 2243 429 2287 dem
459 2242 699 2299 complures
727 2240 912 2285 afferunt
939 2241 1082 2292 loeoS,
1111 2239 1188 2284 ubi
1210 2241 1404 2295 λαμπρὸς
1432 2241 1486 2285 de
1512 2246 1640 2286 vento

332 2348 575 2400 usurpatur.
596 2343 725 2385 Vidd.
745 2357 784 2386 v.
805 2357 864 2385 c.:
895 2356 1051 2387 nmmo.
1079 2345 1120 2385 2.
1142 2344 1202 2385 96
1212 2360 1226 2394 ,-
1247 2358 1372 2387 Amx.
1398 2358 1464 2399 ap.
1485 2359 1638 2388 A‘rnmv.

331 2460 372 2499 p.
402 2445 489 2485 338
503 2460 515 2494 ‚-
541 2456 686 2485 Anscn.
718 2442 870 2497 Agam.
896 2444 1040 2493 1180,-
1061 2442 1137 2485 sed
1165 2455 1412 2499 perperam,
1431 2443 1478 2486 ni
1500 2444 1640 2488 fallor.

329 2546 521 2587 Mettum
565 2559 654 2586 non
696 2548 929 2598 repugnat,
974 2543 1078 2596 quin
1117 2542 1302 2585 laudatis
1342 2544 1479 2598 poe'tis
1513 2558 1640 2587 suum
