1920 2893
965 122 992 162 8

323 272 505 314 formam
542 270 659 324 ἰάχει
694 286 794 316 cum
831 277 1016 316 accusat.
1049 274 1331 329 compositam
1371 287 1463 317 esse
1495 273 1622 317 vitio-

321 386 426 415 sam.
468 373 604 416 Recte
631 373 764 429 igitur
788 388 1057 417 susurramus
1080 375 1203 428 ἰαχεῖ
1229 375 1492 427 emendavit,
1511 389 1622 430 quae
1677 395 1680 399 ⁴

319 473 532 516 recentior
568 474 685 517 verbi
730 475 868 516 forma
911 473 982 516 hic
1024 476 1203 519 omnino
1240 476 1497 532 requiritur,
1537 490 1622 531 qua

323 574 539 617 obiectum
573 573 710 621 ἀοιδὴν
740 565 939 629 regatur(
961 573 1041 616 Cff.
1073 574 1221 630 hymn.
1254 575 1302 617 in
1335 575 1461 619 Dem.
1492 577 1551 618 20
1579 580 1624 619 et

321 674 561 729 complures
592 674 677 716 loci
712 675 1012 730 Tragicorum:
1051 689 1198 717 Asson.
1233 675 1350 730 Sept.
1382 677 1471 718 868
1481 693 1494 727 ,·
1526 689 1621 718 nun.

320 775 485 819 Phoen.
528 777 669 828 15233
708 777 836 820 Herc.
870 776 952 819 fur.
988 777 1123 827 1026;
1153 776 1311 832 passim
1341 775 1456 832 apud
1484 791 1621 820 Anrs'r.

320 893 358 920 v.
389 893 426 921 c.
458 879 567 921 Ran.
600 879 686 920 217
722 878 769 933 ¹).
811 851 910 920 'Ab
941 878 1082 930 ἰαχεῖν
1120 878 1200 920 fut.
1240 882 1283 920 et
1330 891 1416 920 aor.
1456 878 1620 930 ἰαχήσω

321 982 365 1020 et
391 976 556 1029 ἰοέχησα
590 977 868 1032 prodierunt,
910 991 1044 1032 quum
1076 978 1122 1018 in
1163 977 1422 1020 carminibus
1459 978 1621 1020 Home-

318 1077 416 1119 ricis
448 1081 492 1119 et
524 1076 753 1120 Hesiodeis
782 1053 872 1119 non
900 1078 986 1118 nisi
1013 1078 1140 1120 ‘certia
1169 1091 1278 1133 pers.
1307 1077 1415 1131 sing.
1443 1082 1487 1120 et
1513 1078 1622 1133 plur.

319 1177 487 1231 imperf.
533 1175 655 1229 ἴαχε,
698 1177 846 1229 ἴαχον,
893 1177 1042 1232 (semel
1076 1177 1272 1232 ἰάχεσκε)
1315 1181 1444 1232 atque
1473 1177 1621 1233 partic.

319 1290 454 1332 praes.
485 1277 640 1329 ἰάχων,
673 1276 882 1330 ἰαχούσα,
916 1276 1135 1330 ἰάχοντος,
1166 1276 1391 1330 ἰάχουσαν,
1418 1277 1621 1331 ἰάχοντα,

319 1376 514 1430 ἰάχοντες
550 1381 823 1433 usurpantur.
896 1378 1164 1419 Hnnumus
1204 1382 1350 1419 autem
1388 1378 1434 1418 in
1473 1381 1619 1419 annot.

321 1477 375 1518 ad
415 1492 453 1518 v.
503 1480 558 1519 18
597 1492 643 1520 se
682 1478 781 1521 ideo
815 1477 931 1529 ἰάχει
965 1478 1205 1533 reposuisse
1237 1477 1362 1527 dicit,
1394 1477 1511 1532 quod
1544 1477 1623 1518 hac

321 1578 461 1620 forma
508 1578 555 1619 in
594 1578 809 1634 praesenti
855 1578 1049 1632 tempore
1094 1581 1320 1620 uterentur
1362 1576 1507 1632 Epici‚·
1548 1576 1624 1619 sed

320 1677 478 1719 falsum
522 1659 606 1720 hoc
645 1681 720 1719 est.
793 1677 1023 1731 Nusquam
1062 1677 1175 1719 enim
1219 1692 1417 1732 praesens
1452 1681 1623 1732 tempus

321 1777 436 1833 apud
447 1777 603 1832 Epicos
622 1789 721 1818 vere
739 1775 800 1817 sic
820 1747 955 1818 dictos
975 1776 1147 1831 legitur,
1162 1781 1213 1819 ut
1230 1777 1440 1829 vidimus3
1456 1791 1508 1821 ex
1526 1790 1622 1834 par-

317 1879 389 1920 tic.
421 1878 561 1920 forma
586 1877 669 1918 hoc
696 1880 867 1918 tantum
886 1876 1095 1918 conficere
1117 1877 1239 1927 licet,
1257 1878 1413 1933 Epicos
1423 1908 1437 1928 ,
1457 1878 1495 1919 si
1515 1892 1621 1934 opus

320 1981 493 2030 fuisset,
523 1993 720 2034 praesens
750 1977 860 2030 ἰαχω
890 1982 1137 2032 ceterasque
1169 1992 1370 2033 personas
1398 1993 1624 2034 usurpasse

362 2167 387 2209 ¹)
412 2150 538 2199 minor.v
555 2168 618 2209 Eq.
648 2168 732 2198 1016
759 2175 843 2207 seq„

432 2225 598 2272 Φράζευ,
623 2224 876 2270 Ἐρεχθείδη,
905 2224 1032 2267 λογίων
1055 2223 1162 2264 ὁδόν,
1188 2225 1232 2268 ἦν
1255 2234 1307 2257 σοι
1333 2220 1526 2259 Ἀπόλλων

433 2289 544 2332 ἴαχεν
567 2288 600 2324 ἐξ
623 2287 772 2320 ἀδύτοιο
799 2288 859 2320 διὰ
884 2286 1065 2331 τριπόδων
1090 2288 1265 2330 ἐριτίμων.
1290 2300 1318 2319 κ.
1341 2301 1374 2320 τ.
1397 2287 1426 2319 ἑ.

317 2347 528 2380 manifestam
549 2348 684 2388 linguae
708 2348 836 2389 epicae,
859 2357 926 2389 qua
948 2347 1081 2378 oracula
1099 2347 1152 2378 edi
1177 2346 1345 2386 solebant,
1368 2347 1538 2380 continent
1558 2347 1628 2381 imi·

317 2409 488 2443 tationem.
537 2409 606 2442 Pro
628 2410 672 2452 ἢν
695 2409 760 2451 leg.
785 2419 853 2442 esse
878 2414 958 2451 puto
979 2400 1020 2451 ἦ,
1056 2409 1102 2441 ita
1132 2414 1168 2441 ut
1191 2406 1301 2452 ἴαχεν
1335 2418 1428 2442 more
1451 2409 1629 2451 Epicorum

320 2470 468 2502 absolute
497 2475 650 2512 ponatur.
677 2470 825 2502 ,Locum
854 2470 901 2502 sic
931 2474 1042 2502 verto:
1092 2468 1195 2507 nDic‚
1228 2468 1407 2502 Erechthei
1429 2462 1630 2509 filisoracu·

319 2532 453 2565 alorum
477 2532 586 2572 viam,
617 2542 681 2574 qua
711 2531 770 2565 tibi
795 2531 920 2574 Apollo
944 2540 986 2564 ex
1011 2531 1111 2573 adyto
1142 2529 1382 2564 vociferabatur
1405 2539 1463 2572 per
1486 2531 1630 2573 tripodes

320 2608 332 2620 1·
346 2593 442 2625 valde
466 2593 676 2624 honoratos.n
